4476 5604
1112 388 1173 478 10

251 598 338 646 mors
367 573 502 645 mirifica
528 573 627 645 luisse
655 572 800 642 traditur.
845 573 897 642 Ab
927 571 1034 668 aquila
1057 575 1165 644 dicunt
1193 576 1382 646 testudinem
1404 576 1439 646 in
1461 599 1567 648 aerem
1591 579 1748 649 sublatam
1770 583 1805 650 in
1827 582 1911 652 senis
1934 599 2030 678 capnt

252 691 405 762 deiectam
435 713 516 758 esse.
562 689 601 758 Id
623 688 708 760 enim
730 689 827 758 fiebat
848 713 886 757 ex
909 687 1036 758 oraculo
1060 689 1201 783 quodam
1222 706 1337 785 poetae
1359 692 1451 762 dato:
1495 693 1675 780 „Coeleste
1697 695 1794 766 telum
1816 712 1846 766 te
1869 696 2030 768 occidet.“

252 807 285 878 A
307 805 500 880 Gelensibus
523 801 701 897 Aeschylus
724 802 921 898 amplissime
943 803 1046 873 elatus
1069 807 1182 884 est²¹).
1608 815 1615 826 ·

778 1132 870 1221 De
914 1130 1243 1247 AeschyH
1292 1135 1512 1224 Secta

345 1373 395 1448 Ex
416 1379 456 1448 iis
478 1379 687 1464 testimoniis,
716 1403 796 1476 quae
820 1403 916 1474 supra
938 1379 1044 1464 attuli,
1068 1379 1259 1474 Aeschylum
1283 1397 1316 1451 et
1337 1380 1548 1452 Athenienses
1571 1382 1729 1452 interdum
1750 1385 1832 1456 inter
1854 1409 1887 1456 se
1910 1386 2034 1456 dissen-

258 1495 349 1579 sisse,
378 1511 476 1590 patet.
520 1495 585 1565 Sed
611 1511 687 1589 post
716 1509 850 1562 mortem
878 1513 992 1588 poetae
1018 1494 1132 1564 mirum
1160 1497 1194 1564 in
1225 1496 1356 1566 modum
1384 1513 1519 1566 mutatos
1548 1497 1659 1592 populi
1687 1499 1810 1566 animos
1840 1518 1899 1570 est.
1946 1497 2036 1570 Nam

257 1609 375 1680 mortui
406 1606 554 1702 Aeschyli
582 1625 704 1677 tanturn
732 1606 944 1677 Athenienses
971 1609 1162 1678 desiderium
1191 1610 1290 1704 cepit,
1319 1627 1355 1680 ut
1381 1609 1507 1681 subulas
1539 1613 1606 1682 eius
1628 1611 1717 1680 sestis
1740 1611 1906 1706 Dionysiis
1931 1615 2036 1684 denuo

192 1743 197 1761 ‘
257 1724 311 1819 agi
332 1723 486 1807 inherent,
507 1723 689 1816 multosque
712 1748 830 1806 eorum,
854 1724 908 1816 qui
930 1723 1099 1808 docebant,
1122 1730 1375 1805 coronarent”).
1419 1726 1454 1796 Si
1476 1725 1611 1820 quaeris,
1635 1726 1762 1819 quinam
1784 1728 1897 1796 iterum
1921 1729 2036 1798 docue-

259 1839 335 1924 rint,
365 1862 404 1904 ne
434 1861 515 1904 nnus
545 1837 672 1930 quidem
703 1836 890 1905 nominatim
918 1835 1107 1930 appellator.
1153 1840 1220 1908 Sed
1249 1837 1490 1932 Euphorionem
1517 1841 1583 1907 iure
1615 1840 1781 1933 suspiceris
1809 1843 1844 1909 in
1866 1843 1906 1909 iis
1929 1841 2036 1923 luisse,

260 1952 377 2046 quippe
401 1951 454 2043 qui
475 1952 615 2020 nondum
639 1968 726 2020 actas
749 1951 850 2043 patris
873 1947 1000 2018 fabulas
1024 1952 1146 2020 dicatur
1168 1953 1328 2034 docuisse,
1350 1952 1454 2044 iisque
1478 1968 1590 2046 quater
1610 1953 1724 2022 vicisse
1739 1958 1799 2040 ²³).
1837 1958 1942 2050 Atque
1965 1981 2038 2056 cunr

261 2076 395 2148 constet,
419 2081 540 2134 sectam
563 2065 723 2159 quandam
745 2061 896 2157 Aeschyli
918 2063 1026 2148 luisse,
1051 2089 1145 2158 quarn
1166 2063 1247 2145 roric
1268 2069 1345 2161 περὶ
1365 2063 1545 2156 Αἰσχύλον
1566 2069 1733 2136 nominant
1756 2069 1929 2162 scriptores
1952 2085 2038 2138 vete·

260 2204 323 2266 res,
346 2179 419 2275 quid
436 2181 501 2248 veri
521 2178 655 2248 similius
672 2195 731 2263 est,
754 2203 850 2272 qoam
871 2193 997 2272 praeter
1019 2177 1261 2274 Euphorionem
1283 2180 1364 2249 alios
1388 2179 1484 2250 etiam
1500 2178 1661 2275 Aeschylo
1683 2199 1838 2274 cognatos
1860 2184 2039 2276 affinesque

262 2294 383 2365 eteius
413 2294 573 2363 societatis
603 2292 732 2362 sodales
762 2291 861 2361 luisse
888 2307 920 2360 et
947 2291 1075 2361 fabulas
1108 2293 1257 2388 Aeschyli
1284 2295 1396 2365 itemm
1426 2311 1522 2388 atque
1549 2295 1662 2362 iterum
1690 2297 1862 2365 docuisse?
1908 2296 2040 2366 Accedit

262 2425 382 2481 certum
405 2407 628 2478 testimonium.
673 2405 762 2477 Nam
790 2407 985 2500 Astydamas
1012 2406 1162 2501 Aeschyli
1190 2410 1308 2477 sororis
1339 2434 1502 2504 pronepus
1528 2409 1562 2476 in
1583 2417 1657 2490 τοῖς
1679 2417 1757 2507 περὶ
1779 2405 1960 2501 Αἰσχύλον
1980 2437 2039 2477 nn·

262 2525 470 2608 meratur’⁸).
495 2521 607 2614 Quare
629 2521 766 2617 primum
788 2521 871 2589 filios
888 2518 1038 2614 Aeschyli
1055 2519 1297 2634 Efll'AP-Qfff
1318 2537 1351 2590 et
1371 2522 1510 2624 hippeus
1532 2523 1567 2590 in
1589 2523 1655 2592 eins
1679 2540 1800 2594 sectam
1822 2523 2040 2592 adscribimus.

334 2815 491 2892 imaginem
510 2815 683 2889 praebuisse.
723 2811 844 2886 Utrique
862 2811 1033 2868 contradicit
1050 2815 1221 2871 Welckerus
1239 2813 1272 2869 in
1288 2814 1393 2871 Aesch.
1403 2813 1476 2869 Tril.
1485 2832 1514 2887 p.
1526 2819 1618 2879 to9et
1635 2815 1802 2870 Hermarmo
1819 2814 1937 2890 quidem
1955 2825 2042 2887 recte,

333 2921 395 2960 non
418 2905 459 2960 ita
475 2915 572 2960 tanen
592 2901 748 2957 Lobeclrio.
785 2903 873 2955 Suam
901 2899 1093 2956 coniecturam
1124 2901 1198 2958 hene
1219 2913 1315 2958 tuetur
1342 2899 1504 2957 Lobeclrius
1531 2902 1563 2957 in
1590 2903 1764 2977 Aglaopbl.
1777 2922 1805 2977 p.
1823 2913 1865 2963 83.
1902 2903 2042 2960 Dissentit

334 2992 455 3068 quidem
478 2993 566 3047 etiam
585 2989 743 3046 Eustratins
770 2988 807 3042 ad
825 2989 945 3044 Aristct.
966 2992 987 3043 l.
997 3006 1022 3044 c.
1032 2989 1081 3044 101.
1092 2987 1143 3058 1ο,
1170 2988 1220 3046 sed
1238 3007 1305 3045 eum
1322 2989 1429 3044 refutat
1446 2988 1524 3044 idem
1541 2990 1706 3046 Loheclrius
1723 2994 1778 3046 tc.
1805 2992 1911 3047 Eadem
1929 2991 2043 3046 ratione

334 3078 503 3134 retinendus
519 3088 563 3134 est
581 3079 714 3135 Clemens
731 3079 818 3132 Alex.
837 3079 1015 3133 Strommll.
1026 3085 1128 3151 0387,
1159 3095 1228 3131 nam
1254 3077 1311 3132 hoc
1334 3076 1453 3150 quidem
1471 3077 1617 3136 Lobcclsio
1635 3097 1696 3134 uon
1714 3081 1904 3135 concesserim
1922 3079 2043 3144 ἐξειπεῖν

335 3167 420 3221 aliter
437 3183 521 3239 posse
538 3183 572 3221 ac
590 3167 626 3222 de
643 3164 788 3237 mysteriis
807 3183 858 3237 per
874 3163 964 3222 rerba
982 3165 1140 3240 divulgatis
1158 3163 1261 3235 accipi.
1297 3167 1397 3237 ltaque
1417 3180 1484 3218 curn
1503 3165 1561 3219 iam
1579 3165 1805 3222 demonstratum
1823 3183 1885 3222 esse
1902 3167 2043 3236 rideatur,

335 3253 516 3324 Aeschylum
534 3253 571 3308 ob
591 3253 764 3310 Eumenides
783 3271 898 3310 causam
918 3253 1041 3320 dixisse,
1074 3262 1160 3308 restat
1185 3261 1216 3306 nt
1235 3267 1365 3305 moneam
1386 3267 1422 3305 ne
1440 3250 1507 3325 quis
1525 3263 1639 3325 poetam
1656 3252 1693 3307 ab
1710 3253 1938 3310 Atheniensibus
1955 3253 2044 3310 modo

336 3351 505 3398 coronatum
523 3341 560 3397 ah
578 3342 680 3400 iisdem
698 3352 816 3416 propter
832 3342 954 3398 eandam
972 3338 1117 3414 trilogiam
1137 3339 1167 3395 iu
1186 3339 1233 3394 ius
1251 3349 1385 3394 vocatum
1403 3356 1465 3396 esse
1482 3338 1610 3396 miretur.
1643 3344 1716 3398 llam
1734 3343 1868 3417 quamvis
1888 3327 1917 3398 id
1936 3342 2045 3397 mirum

337 3449 400 3488 esse
417 3430 563 3498 rideatur,
588 3430 613 3486 si
637 3441 750 3487 nostros
774 3448 882 3498 mores,
907 3439 1021 3486 nostrae
1046 3427 1171 3484 civitatis
1196 3437 1302 3483 statum
1325 3439 1452 3501 spectas,
1478 3439 1575 3484 tamen
1593 3441 1713 3487 nonest
1731 3431 1838 3485 mirum
1856 3429 1881 3486 si
1899 3430 2045 3486 levitatem

337 3518 561 3578 Atheniensium
580 3519 786 3594 popularisque
804 3519 952 3592 potestatis
969 3514 1067 3573 turbas
1086 3525 1246 3589 perspectas
1263 3514 1362 3570 hahes.
1385 3518 1468 3571 ldem
1486 3517 1574 3572 sentit
1589 3519 1690 3570 Herm.
1713 3517 1746 3571 in
1763 3519 1871 3589 opusc.
1885 3520 1921 3571 n.
1937 3536 1966 3591 p.
1982 3520 2044 3576 165.

268 3632 316 3699 21)
341 3631 385 3684 Be
409 3627 498 3681 altero
527 3625 629 3680 itinere
646 3624 791 3680 Siciliensi
809 3627 1021 3682 mlirrcursum.
1039 3622 1150 3677 Auctor
1167 3623 1206 3678 V.
1223 3621 1330 3676 Aescb.
1347 3630 1502 3695 utrumque
1525 3620 1579 3676 iter
1596 3620 1758 3678 confundit.
1794 3622 1878 3680 conl.
1895 3623 2045 3694 Supplem.

338 3735 385 3788 ap.
394 3712 511 3769 Rohort.
528 3712 650 3768 Euroo.
668 3719 689 3766 t.
700 3728 727 3766 c.
743 3713 887 3768 Plutarch.
904 3712 940 3767 de
959 3712 1035 3768 Exil.
1048 3718 1126 3768 013.
1150 3709 1276 3764 Brunclr.
1295 3709 1383 3763 Anat.
1400 3706 1740 3780 autumaremus.
1758 3711 1871 3768 Jacobs.
1890 3712 2011 3767 Anthol.
2022 3714 2044 3766 1.

338 3813 426 3878 p.81.
445 3803 480 3858 tt
491 3819 519 3872 p.
532 3807 666 3860 110172.
702 3801 847 3856 Plutarch.
866 3801 927 3856 Vit.
948 3801 1022 3857 Cim.
1041 3805 1132 3870 p.255
1142 3814 1202 3872 seq.
1238 3800 1357 3852 Hutten.
1376 3799 1503 3852 Marmor
1521 3798 1616 3854 Oxou.
1634 3800 1742 3871 ttp.6o
1770 3801 1867 3855 Schol-
1893 3801 2044 3874 Aristoph.

338 3893 464 3948 Acharn.
480 3897 523 3946 1ο.
549 3886 820 3946 111011.810.Χ1.81.
848 3890 985 3946 contorte
1003 3887 1132 3962 loquitur
1154 3885 1258 3940 suidas
1281 3880 1469 3952 r.Aicyc'lcs,
1496 3885 1579 3942 cuius
1606 3886 1639 3940 in
1657 3885 1756 3942 verbis
1774 3905 1827 3958 pro
1844 3889 1878 3960 νη·
1897 3895 1995 3950 Hem,
2014 3892 2047 3947 in

341 3983 446 4054 Opusc.
457 3981 531 4051 ttp.
542 3977 592 4036 161
617 3985 692 4031 recte
710 3973 746 4044 δή
766 3975 923 4032 coniecisse
941 3975 1115 4051 negaverim.
1132 3977 1223 4030 Porro
1237 3972 1340 4028 Susidas
1358 3990 1389 4029 r.
1406 3968 1519 4040 χελώνη.
1543 3976 1640 4030 Valer-
1654 3974 1778 4029 Maxim.
1792 3977 1843 4032 tx.
1861 3986 1904 4036 12.
1922 3980 1997 4033 Ptin.
2008 3981 2045 4033 11.

270 4072 284 4087 ““
340 4072 460 4126 Ihm
476 4066 593 4123 Aelieu.
606 4064 882 4122 H.Anim.V11.16.
902 4065 1022 4122 Sotades
1037 4082 1085 4137 ap.
1104 4066 1203 4119 Herm.
1222 4061 1255 4116 in
1273 4063 1364 4116 Elem.
1383 4059 1475 4116 doctr.
1492 4071 1573 4118 metr.
1592 4060 1695 4138 pully.

270 4175 322 4249 w)
342 4175 457 4232 Auctor
471 4174 510 4228 V.
527 4171 632 4228 Aeech.
648 4170 784 4226 Philostr.
806 4169 838 4224 in
854 4170 924 4226 Vrta
941 4169 1093 4244 Apollonii
1107 4173 1215 4228 Vter.
1226 4187 1258 4242 p.
1265 4163 1331 4226 215.
1366 4165 1516 4241 Aristoph.
1526 4169 1656 4226 Achata.
1666 4177 1710 4226 1⁰.
1727 4185 1755 4224 c.
1763 4167 1862 4225 Schol.
1866 4210 1877 4242 ,
1894 4169 2047 4245 Aristopl!

341 4269 413 4320 Pan.
423 4267 543 4336 e9oseq.
561 4277 589 4316 c.
600 4261 698 4316 Schcl.
711 4257 882 4332 Quintibx.
892 4268 922 4327 1,
935 4259 982 4317 66.

271 4377 320 4442 23)
342 4369 445 4426 strides
465 4361 657 4438 mlic'yoplrrv.

271 4479 322 4551 ed)
345 4470 1033 4545 801101.01111110011.11111.730108001100101
1067 4467 1103 4530 ου’
1123 4465 1210 4544 μόνον
1231 4468 1261 4527 δι’
1284 4467 1409 4542 Xorpr'ler
1430 4473 1476 4524 sel
1500 4471 1557 4526 sois
1579 4464 1799 4544 0101011011).οο
1821 4477 1867 4528 sel
1890 4467 2047 4541 8100101100,

343 4560 417 4618 effla*
442 4567 488 4615 ecl
514 4555 641 4630 'ductim
671 4565 869 4633 wpyuvrhero
892 4559 933 4628 rqi
959 4559 1017 4630 cc'qi'.
1050 4559 1221 4619 Scholiastes
1243 4557 1305 4616 soit
1330 4565 1393 4630 eracl
1421 4553 1559 4626 Aioyrilov
1590 4561 1788 4630 Aeschylum,
1816 4559 2044 4632 Euphorionem,

342 4650 503 4708 Philoclem
521 4647 592 4702 alies
609 4645 756 4722 nominat,
782 4649 819 4705 cl.
839 4649 988 4722 Aristoph.
1017 4653 1089 4722 Byr.
1107 4649 1139 4704 in
1155 4652 1277 4721 Argum.
1295 4647 1396 4720 Eurip.
1419 4646 1497 4701 Med.
1514 4655 1544 4702 et
1561 4645 1683 4720 Argum.
1700 4649 1791 4721 soph.
1809 4648 1844 4702 0.
1864 4649 1895 4702 tt.
1906 4647 2049 4706 Aristides

342 4741 422 4796 Τ.11.
440 4735 532 4810 0112
559 4738 666 4806 (0.156
678 4735 787 4808 tetre).
822 4741 1005 4794 Hermannns
1032 4755 1101 4794 vero
1121 4739 1153 4794 in
1176 4739 1282 4810 opusc.
1293 4739 1329 4792 rt.
1348 4755 1376 4810 p.
1388 4739 1441 4798 156
1467 4737 1555 4796 rerba
1583 4734 1644 4794 sois
1669 4744 1734 4808 cept
1760 4731 1899 4804 Alcydloe
1925 4734 1960 4790 de
1984 4739 2050 4792 soto

341 4823 488 4896 Aeschylo
505 4822 628 4900 intelligi
647 4821 750 4882 debers
768 4825 928 4896 contendit,
945 4825 1167 4901 eosincrepans,
1186 4825 1238 4902 qut
1256 4826 1292 4883 de
1312 4827 1436 4902 quadam
1450 4826 1588 4900 Aeschyli
1606 4835 1682 4886 secte
1700 4822 1833 4898 cogitent.
1855 4824 1913 4882 Cor
1925 4823 2049 4881 debeant
