4476 5604
1061 395 1118 484 11

177 599 346 694 Uterque
369 593 436 664 suis
459 591 554 660 etiam
577 587 693 658 tabulis
717 586 891 658 conamina
912 584 1033 678 tramea
1054 581 1137 668 iniit,
1168 595 1200 650 et
1221 577 1390 674 Euphorio
1414 593 1498 646 certe
1522 597 1590 644 non
1613 573 1680 644 sine
1695 574 1807 669 gloria,
1830 597 1906 646 nam
1921 575 1982 647 Ol·

182 714 288 792 ,Bm
316 720 345 774 et
367 699 557 796 Sophoclem
579 712 611 766 et
633 693 819 788 Euripidem
848 692 988 772 ricit¹⁵).
1019 687 1124 758 Porro
1148 685 1414 788 Qempon
1441 681 1702 778 praetermittam,
1725 679 1924 776 Philopithis
1947 695 1979 750 et

192 808 355 904 Aeschyli
379 789 496 874 sororis
519 803 627 886 lilium,
652 799 705 895 qui
729 797 922 894 Sophoclem
947 796 1111 892 Oedipum
1133 792 1259 886 Regem
1283 793 1447 861 docentem
1470 787 1641 879 tetralogia
1664 787 1820 884 quadam,
1849 786 1898 856 cui
1920 809 1980 854 no·

190 941 275 984 rnen
300 913 491 990 Πανδιονὶς
513 924 590 994 erat,
614 905 697 975 vicit.
742 905 822 972 Eius
846 902 1030 995 tetralogiae
1053 925 1117 969 una
1139 897 1249 968 sabula
1280 893 1409 998 lipparis
1432 895 1498 963 sive
1516 891 1637 986 Ἐαοψ
1659 892 1727 962 luit.
1775 893 1911 962 Centum
1932 889 1980 963 sa-

193 1019 292 1090 bulas
315 1015 480 1086 Philocles
503 1013 671 1108 scripsisse
694 1011 815 1095 dicitnr,
838 1009 877 1078 cle
901 1009 1011 1104 quibus
1034 1006 1095 1076 hae
1118 1031 1138 1075 a
1161 1005 1261 1076 Suida
1283 1004 1437 1084 citantur;
1461 996 1641 1096 Ἠριγόνῃ,
1667 997 1864 1082 Ναύπλιος,
1887 993 1978 1071 Οἰδί-

195 1153 298 1212 πους,
322 1120 465 1208 Οἰνεύς,
493 1123 671 1215 Πρίαμος,
695 1115 902 1216 Πηνελόπη,
926 1109 1144 1212 Φιλοκτήτης.
1191 1110 1339 1179 Tametsi
1360 1110 1394 1177 in
1417 1105 1548 1176 victoria
1570 1105 1608 1173 de
1634 1101 1794 1198 Sophocle
1816 1122 1981 1201 reportata

194 1229 356 1300 momenti
378 1226 500 1322 aliquid
524 1240 581 1308 est,
605 1240 640 1291 ut
662 1222 742 1292 hene
766 1223 805 1290 de
828 1220 889 1290 hoc
911 1237 1007 1316 poeta
1029 1219 1159 1300 sentias,
1183 1220 1309 1286 suerunt
1331 1231 1448 1298 tamen,
1472 1213 1526 1308 qni
1541 1209 1622 1278 male
1639 1210 1678 1279 de
1694 1234 1731 1278 eo
1746 1209 1981 1294 iudicarent.”)

197 1337 389 1430 Sequuntur
411 1329 551 1400 Philocli
574 1327 633 1395 filii
656 1321 832 1396 Morstmus
857 1342 889 1396 et
911 1323 1111 1426 Melanthios
1130 1321 1261 1418 pessimi
1285 1335 1413 1415 poetae,
1444 1317 1470 1386 si
1494 1316 1620 1413 quidem
1643 1315 1892 1409 Aristophanem
1912 1318 1981 1387 ido·

195 1465 297 1510 neum
327 1439 517 1531 tragicorum
544 1415 856 1513 iudicemiicts'v).
895 1431 1048 1501 Morsimi
1070 1419 1153 1497 lilius
1177 1443 1226 1497 est
1245 1428 1449 1522 Astydamas,
1473 1422 1559 1492 euius
1584 1445 1681 1514 sopra
1702 1422 1767 1490 iam
1789 1424 1982 1493 mentionem

196 1546 350 1628 fecimus,
375 1543 511 1634 tragicus
535 1541 743 1624 clarissimus,
774 1538 939 1607 sedidem
962 1536 1057 1604 homo
1081 1533 1247 1630 superbus.
1293 1531 1439 1600 Primum
1463 1527 1520 1598 Ol.
1538 1537 1643 1612 95,2
1674 1527 1791 1596 docuit.
1836 1527 1981 1618 Quinde-

198 1652 267 1720 cies
292 1650 375 1719 vicit.
419 1647 471 1716 Ex
494 1647 634 1716 victoriis
647 1669 696 1713 ·ea
718 1659 828 1712 notata
851 1659 909 1730 est,
933 1667 1028 1740 quam
1052 1641 1109 1711 Ol.
1129 1654 1202 1724 ¹01,
1226 1655 1246 1716 ιι
1269 1637 1398 1706 rettulit.
1443 1633 1475 1702 Τ
1477 1632 1647 1726 ragoediae
1670 1633 1820 1703 ducentas
1843 1634 1980 1730 quadra·

198 1757 293 1851 ginta
322 1781 393 1825 eum
421 1753 587 1847 scripsisse
617 1750 754 1820 tradunt.
802 1749 910 1840 Quem
940 1774 1010 1817 cum
1037 1746 1070 1814 in
1099 1745 1219 1815 deliciis
1243 1741 1394 1812 haberent
1418 1739 1643 1822 Athenienses,
1672 1755 1777 1807 statua
1799 1745 1900 1810 alinea
1922 1739 1981 1810 ho·

198 1876 407 1932 notaverunt.
453 1857 627 1950 Sexaginta
649 1871 756 1925 autem
779 1878 881 1924 annos
904 1869 997 1922 natus
1021 1852 1107 1922 obiit.
1153 1850 1301 1944 Denique
1323 1874 1363 1916 ue
1386 1873 1479 1942 quem
1501 1864 1713 1942 praeteream,
1745 1845 1924 1916 Philoclem
1947 1862 1980 1914 et

185 1967 467 2060 ‚Astydamautem
489 1964 629 2044 minores
651 1961 796 2046 nomino,
820 1959 1060 2056 Astydamahtis
1085 1955 1184 2042 lilios,
1207 1952 1300 2025 nobis
1323 1952 1450 2051 quidem
1472 1968 1585 2050 parum
1607 1968 1702 2022 notos
1726 1951 1936 2033 bomiues”).

275 2286 328 2341 illa
346 2283 434 2341 verba
453 2285 488 2340 de
507 2286 568 2340 solo
588 2282 735 2354 Aeschylo
755 2279 897 2354 intelligi,
925 2297 1040 2336 causam
1063 2296 1116 2334 neo
1134 2277 1229 2334 attulit
1246 2280 1429 2334 Hermannus
1447 2294 1501 2333 nec
1520 2297 1572 2356 ego
1590 2279 1694 2350 rideo,
1722 2297 1773 2336 eur
1791 2293 1851 2332 non
1870 2261 1981 2350 possint

276 2387 395 2426 causam
413 2373 508 2428 video.
548 2373 638 2426 Nemo
657 2370 736 2426 enirn
755 2372 929 2426 Graecorum
951 2369 977 2426 si
1002 2370 1086 2441 plura
1111 2367 1230 2423 nomina
1254 2365 1372 2440 propria
1396 2365 1563 2440 coniunxit,
1593 2368 1625 2423 in
1647 2368 1751 2424 mediis
1775 2367 1830 2420 hec
1855 2365 1981 2420 circum-

276 2457 423 2514 locutione
441 2457 472 2514 οιι
485 2463 552 2528 περί
567 2481 630 2514 τινα
649 2459 709 2524 sire
728 2454 758 2511 oi
772 2459 849 2529 spel
864 2476 930 2511 savo
947 2473 1016 2512 usus
1034 2465 1085 2526 est,
1106 2454 1137 2510 iu
1155 2455 1251 2527 primo
1269 2471 1337 2510 vero
1356 2463 1385 2509 et
1402 2455 1506 2509 ultimo
1525 2455 1672 2512 abstinuit.
1694 2456 1742 2511 Ad
1754 2465 1847 2528 partes
1864 2452 1982 2510 vocavit

276 2545 435 2602 Hermann.
453 2551 608 2604 Auctorem
626 2547 709 2603 Vitae
727 2544 897 2618 Sophoclis:
933 2547 1129 2618 συνηγωνίσατο
1154 2540 1184 2598 dd
1203 2538 1331 2612 Αἶσχόλῳ
1357 2550 1403 2598 sset
1420 2539 1559 2617 Εόριπίδῃ
1582 2552 1630 2602 secl
1648 2541 1769 2614 Xospllp
1789 2548 1835 2597 sal
1854 2537 1982 2612 Ἀριστίᾳ

278 2637 325 2684 eat
345 2629 438 2689 dilate
456 2642 502 2690 set
520 2629 646 2706 Ἰσφιῖνιι
664 2629 703 2702 τό
720 2631 779 2702 oiqi.
816 2636 856 2688 At
875 2650 912 2686 ex
931 2633 977 2687 his
996 2631 1093 2688 verbis
1110 2632 1206 2686 hercle
1224 2630 1300 2685 nihil
1318 2630 1398 2685 alind
1416 2634 1519 2702 elucet,
1545 2650 1632 2706 qnam
1651 2632 1807 2686 Auctorem
1826 2628 1909 2688 Vitae
1927 2640 1982 2690 nec

277 2721 439 2775 consentire
463 2737 529 2776 cum
553 2722 712 2778 Scholiasta
737 2731 766 2776 et
790 2719 983 2794 negligentius
1009 2721 1045 2775 de
1070 2720 1126 2774 hac
1150 2735 1181 2772 re
1206 2717 1388 2790 exposuisse,
1420 2719 1529 2794 qnippe
1547 2721 1598 2795 qui
1617 2721 1791 2793 Sophoclem
1809 2717 1896 2773 etiam
1914 2735 1982 2774 cum

275 2804 460 2876 Euphorione
478 2819 506 2864 et
523 2809 652 2864 Philocte
670 2807 824 2865 certavisse
842 2817 891 2862 aut
908 2808 1056 2874 nescierit,
1083 2817 1133 2862 aot
1157 2805 1311 2863 reticuerit.
1348 2806 1555 2863 Gravissimum
1579 2817 1674 2864 autem
1691 2807 1870 2878 Aeschyleae
1888 2815 1982 2862 sectae

275 2891 472 2950 testimonium
498 2895 618 2952 exhibet
642 2896 727 2971 Diog.
752 2899 844 2952 Laert.
863 2896 896 2950 in
919 2893 987 2952 Vita
1006 2893 1248 2961 Socraticosls.
1286 2899 1313 2950 ls
1332 2905 1483 2970 postquam
1501 2895 1589 2964 dixit,
1617 2891 1808 2952 Athenienses
1826 2894 1975 2954 interiecto

277 2977 392 3033 Socrate
410 2997 481 3036 mox
499 2984 633 3039 Melitum
652 2985 754 3058 capitis
772 2984 969 3039 damnandum
979 3024 987 3052 ,
1006 2986 1150 3040 Socratem
1169 3002 1238 3039 vero
1257 2992 1349 3040 statua
1368 2983 1570 3039 honorandum
1589 2985 1763 3046 decrevisse:
1790 2980 1823 3038 osi
1838 2987 1926 3054 μόνον
1944 2981 1983 3038 δέ’

277 3059 388 3136 lnquit,
415 3065 460 3126 ἐπὶ
484 3067 647 3144 Σωκράτούσ
670 3070 825 3148 Ἀθηναῖοι,
840 3070 1001 3127 πεπόνθασι
1025 3071 1117 3139 sciro,
1142 3069 1213 3127 dilui
1238 3077 1285 3126 set
1310 3073 1356 3127 e'osl
1375 3071 1510 3126 πλείστων
1528 3067 1610 3127 όσοιν·
1629 3079 1674 3127 καὶ
1692 3073 1745 3144 yoip
1758 3065 1886 3142 ΙὈμηρσν
1903 3067 1982 3128 suoi

276 3169 359 3218 φησιν
381 3148 562 3229 Ἡρακλείδης
585 3157 750 3230 nminem
773 3159 908 3235 δραχμαῖς
935 3157 971 3216 uis
993 3157 1161 3231 μαινόμενον
1192 3160 1322 3231 ἐτίμησαν
1351 3167 1398 3215 uel
1425 3163 1555 3231 Τυρταῖον
1581 3156 1772 3232 παρακόπτειν
1801 3159 1903 3233 lieres,
1934 3167 1982 3214 sol

275 3231 484 3311 Ἀστυδάμαντα
508 3248 619 3318 πρῶτον
642 3249 700 3310 τόν
714 3256 788 3320 ,περὶ
811 3245 952 3317 Αἰσχύλον
975 3247 1104 3318 ἐτίμησαν
1133 3244 1221 3305 εἰκόνι
1243 3245 1341 3321 χαλκῇ.
1371 3250 1478 3306 Senem
1502 3258 1560 3305 ests
1595 3251 1688 3316 „Non
1706 3251 1800 3304 solnm
1818 3248 1851 3304 in
1868 3250 1983 3308 somate

251 3325 506 3389 'Atheniensibus
538 3337 595 3390 hoc
630 3337 751 3404 accidit,
791 3335 841 3392 sed
870 3335 958 3390 etiem
985 3335 1017 3390 in
1048 3337 1201 3408 plurimis,
1238 3336 1346 3390 etenim
1375 3339 1534 3391 Homerum
1562 3337 1592 3391 id
1617 3337 1696 3410 qnod
1722 3336 1791 3392 dicit
1817 3337 1983 3396 Heraclides

276 3412 485 3490 quinquaginta
510 3422 656 3480 drachmis
678 3423 771 3480 veluti
798 3423 987 3478 insanientem
1005 3427 1166 3480 multarunt
1185 3434 1213 3480 et
1230 3428 1388 3493 Tyrtaeum
1407 3425 1533 3480 insanire
1550 3425 1684 3481 dicebant
1701 3434 1729 3480 et
1747 3425 1985 3496 Astydamantern

276 3499 403 3572 primum
415 3523 454 3560 ex
464 3510 603 3581 Aeschyli
615 3521 689 3566 secta
702 3520 796 3566 statua
814 3511 904 3566 aenea
923 3511 1168 3568 honoravemnt.’'
1196 3516 1240 3568 Ex
1257 3512 1397 3583 Aeschyli
1415 3522 1492 3570 secta
1509 3511 1623 3570 duobus
1641 3513 1722 3581 viris,
1752 3514 1832 3588 qnod
1849 3513 1983 3583 sciemus,

276 3585 303 3644 is
327 3589 421 3646 honor
444 3593 560 3652 habitus
586 3609 641 3665 est,
671 3599 818 3668 Aeschylo
843 3597 899 3671 ipsi
924 3601 1076 3669 (Plutarch.
1084 3605 1123 3656 X.
1144 3602 1219 3657 Oret.
1240 3618 1267 3673 p.
1279 3607 1332 3658 252
1351 3603 1431 3656 Ησ11.
1449 3605 1569 3658 Pansam
1579 3605 1601 3655 l·
1614 3608 1658 3672 21,
1672 3605 1701 3670 3)
1708 3638 1717 3670 ‚
1736 3612 1765 3657 et
1781 3601 1985 3674 Astydamauti

278 3677 328 3746 (cl.
347 3679 434 3736 etiam
458 3683 593 3740 Photium
619 3696 648 3740 et
672 3686 790 3742 Suidam
815 3703 844 3742 r.
864 3684 962 3756 σαυτὴν
986 3687 1136 3758 ἐπαινεῖς),
1164 3699 1191 3745 et
1217 3689 1306 3762 priori
1331 3690 1449 3765 quidem
1473 3689 1687 3762 Astydamanti,
1712 3688 1837 3762 superbo
1859 3689 1983 3762 homini,

278 3767 422 3838 qoam-ob
439 3786 499 3824 rem
517 3771 707 3829 Athenienses
726 3791 743 3827 a
762 3775 890 3848 Diogene
907 3776 1164 3849 reprehenduntur.
1201 3777 1256 3832 Sed
1274 3780 1433 3832 Hermann.
1452 3789 1485 3834 ut
1502 3777 1643 3849 Aeschyli
1661 3787 1766 3832 sectam
1786 3776 1884 3846 evitet,
1905 3779 1985 3834 huno

275 3855 374 3910 locum
392 3857 603 3914 emendandum
621 3877 682 3917 esse
700 3860 827 3917 affirmat.
845 3866 908 3918 Hoc
925 3873 1021 3920 tamen
1038 3874 1113 3920 recte
1131 3863 1346 3933 demonstravit,
1364 3868 1512 3939 Aeschylo
1531 3875 1596 3940 post
1611 3864 1849 3937 Astydamsntem
1867 3863 1985 3924 demum

278 3951 402 3998 statuam
421 3943 564 4001 decretum
582 3965 654 4026 esse.
689 3953 834 4006 Praeclare
852 3951 887 4006 de
905 3952 959 4008 hac
977 3971 1008 4008 re
1027 3953 1161 4025 exposuit
1180 3955 1306 4010 Boechh.
1325 3955 1361 4011 de
1380 3957 1478 4011 Graec.
1497 3954 1866 4029 Trag.1’rino.p.st.seq.

205 4048 254 4118 25)
279 4047 382 4109 Suidas
399 4067 429 4107 r.
441 4046 576 4119 Αἰσχύλος
595 4063 623 4109 et
640 4071 670 4112 v.
683 4049 835 4130 Εὗρορίαν.
853 4055 1002 4130 Aristoph.
1021 4061 1142 4129 Byzant.
1161 4059 1193 4114 in
1210 4059 1331 4136 Argum.
1348 4060 1446 4134 Eurip.
1461 4060 1539 4118 Med.
1553 4059 1637 4115 Diod.
1653 4057 1709 4114 Sic.
1723 4059 1788 4114 xil.
1804 4063 1850 4122 37.

207 4153 255 4222 26)
283 4153 401 4226 Argum.
421 4156 510 4228 Soph.
528 4157 598 4214 Oed.
618 4161 845 4226 'i'.,1’andionide
868 4165 1041 4237 Sophoclem
1063 4161 1134 4220 vicit
1156 4165 1312 4235 Philocles,
1346 4167 1425 4241 qnod
1449 4165 1602 4238 iudignum
1625 4182 1686 4223 esse
1711 4163 1819 4221 iudicat
1844 4161 1985 4224 Aristides

279 4240 312 4296 in
326 4245 361 4297 T·
372 4245 407 4300 11.
418 4263 446 4316 p.
457 4243 510 4303 122
525 4248 567 4320 (ρ.
579 4249 633 4306 256
644 4247 689 4303 ed.
698 4247 805 4322 Jebb.).
832 4251 905 4307 Vide
920 4271 1007 4325 porro
1024 4252 1113 4309 Arist.
1125 4255 1243 4314 Αν.282
1262 4255 1392 4312 eschol.
1412 4255 1494 4314 ouius
1508 4255 1595 4311 verba
1607 4264 1740 4328 corrupte
1753 4261 1829 4311 sunt.
1857 4253 1985 4308 Primum

279 4345 332 4400 pro
352 4327 404 4402 s'yol
423 4331 451 4388 di
468 4333 567 4392 ἔποπας
580 4340 643 4412 lege
661 4331 712 4410 e'yoi
728 4335 758 4393 δὲ
777 4344 897 4398 πάππος.
917 4341 1028 4396 Deinde
1043 4359 1094 4414 pro
1110 4343 1254 4414 κωμῳδίαν
1268 4343 1383 4412 ποιητής
1401 4343 1557 4418 eKuesteri
1569 4343 1771 4402 emendatione
1785 4331 1939 4414 σραγῳόὶασ
1953 4361 1985 4398 ss.

280 4415 381 4558 grem
405 4421 570 4481 emendavit
594 4425 758 4486 Doeclshius
777 4428 812 4486 de
832 4431 930 4487 Graec.
950 4433 1035 4506 Trag.
1055 4431 1146 4488 Princ.
1167 4441 1249 4505 psa.
1281 4431 1362 4491 cont
1380 4431 1467 4489 etiam
1487 4431 1607 4490 Suidam
1624 4451 1675 4494 rr.
1688 4427 1821 4499 ostentm
1839 4438 1867 4486 et
1884 4425 1986 4495 Ἀπο-

316 4521 379 4576 pos.

209 4611 257 4678 et>
275 4609 424 4686 Aristoph.
439 4597 461 4671 1'.
472 4631 497 4672 c.
516 4627 545 4673 et
562 4619 593 4674 in
610 4625 681 4679 Pace
697 4642 727 4680 v.
745 4631 796 4684 80³
815 4640 840 4679 o.
855 4624 952 4681 Schol.
970 4633 999 4681 et
1015 4625 1139 4683 Fabricii
1155 4627 1243 4686 cerat.
1259 4625 1289 4682 in
1304 4626 1379 4686 Bibl.
1396 4629 1445 4683 Gr.
1458 4629 1492 4684 T.
1507 4631 1540 4685 11.
1555 4648 1584 4702 p.
1595 4636 1648 4688 ³10
1664 4645 1723 4701 seq.
1742 4624 1789 4682 ed.
1803 4626 1913 4682 Harles.

210 4714 260 4787 28)
278 4713 363 4772 Diod.
377 4720 434 4778 Sic.
448 4725 528 4786 XIV.
545 4741 569 4780 c.
586 4723 631 4785 13.
640 4725 684 4788 lt·
703 4729 831 4784 Marmor
850 4731 904 4786 Ox.
914 4733 965 4804 Ep.
976 4731 1020 4790 68·
1039 4731 1141 4790 Suidas
1159 4751 1188 4792 r·
1201 4728 1384 4806 ’Aomdcipon
1410 4734 1490 4792 ldenr
1506 4744 1539 4792 et
1555 4734 1677 4792 Photius
1692 4750 1724 4792 r.
1738 4730 1838 4804 σανιὴν
1855 4728 1985 4790 mama.

280 4805 426 4868 Zenobius
435 4814 472 4868 V.
486 4821 547 4872 100.
565 4815 652 4892 Diog.
670 4821 763 4890 Laert.
781 4816 815 4874 in
832 4828 902 4876 nota
921 4829 1015 4878 nostra
1025 4819 1070 4882 211.

1589 4913 1667 4986 [P]
