4476 5604
1028 421 1101 542 ra

160 637 208 693 et
232 621 348 692 multis
371 617 508 690 inventis
532 629 563 688 et
586 612 744 683 sermonis
767 609 960 681 sublimitate
983 626 1013 680 et
1035 609 1208 680 artificiosa
1230 607 1408 702 argumenti
1431 607 1631 693 tractatione,
1660 607 1771 678 etalii
1795 607 1965 703 scriptores

174 737 294 832 capitu
330 735 521 828 tragicorum
556 717 776 802 enumerantes
804 723 994 820 Aeschylum
1028 725 1135 794 stetim
1168 739 1241 818 post
1277 715 1438 818 Thespius
1469 723 1653 807 nominent,
1687 724 1801 794 ceteris
1833 724 1965 818 tragicis

176 850 354 946 neglectis,
377 848 431 916 alii
453 846 548 916 etiam
573 843 737 938 Thespide
759 839 905 934 neglecto
928 853 1051 940 patrem
1074 838 1258 933 tragoediae
1281 836 1472 932 Aeschylum
1494 837 1684 924 saciaut¹⁴).

280 964 367 1055 Quid
391 963 425 1031 iu
448 960 613 1055 tragoedia
634 957 800 1027 novaverit
822 953 995 1049 Aeschylus
1019 955 1045 1024 si
1069 954 1257 1051 quaerimus,
1281 978 1357 1047 prae
1381 953 1492 1023 ceteris
1515 952 1704 1022 Aristoteles
1727 951 1903 1024 andiendus
1919 969 1966 1026 est

176 1080 214 1150 in
238 1082 319 1150 Arte
342 1077 517 1160 Portet,
534 1077 593 1144 ¹6:
623 1069 832 1158 „Numerum
859 1068 1058 1154 histrionum,
1087 1069 1197 1165 inquit,
1229 1068 1270 1137 ah
1293 1091 1356 1136 uno
1381 1068 1423 1136 ad
1453 1067 1532 1136 duos
1560 1061 1680 1162 primus
1704 1065 1880 1162 Aeschylus
1908 1070 1965 1138 ad·

177 1193 291 1280 duxit,
318 1208 352 1261 et
372 1190 461 1261 chori
491 1187 632 1258 carmina
658 1185 787 1270 minuit,
818 1200 850 1254 et
878 1184 1051 1279 anrum
1074 1184 1212 1280 partium
1235 1199 1373 1252 actorem
1396 1182 1622 1262 instituit⁸').“
1667 1181 1840 1276 Perpaucis
1863 1183 1967 1254 verbis
2034 1166 2037 1175 ¹

180 1306 375 1376 Aristoteles
398 1319 502 1373 tautae
526 1299 706 1394 tragoediae
727 1299 918 1368 mutationes
939 1297 1098 1393 Aeschylo
1121 1298 1273 1383 attribuit,
1297 1314 1329 1365 ut
1351 1296 1378 1365 si
1400 1293 1508 1366 omnia
1532 1311 1674 1367 accurate
1691 1297 1898 1390 perpenderis
1915 1299 1967 1382 vir

176 1434 292 1514 neges,
316 1419 514 1513 tragoediam
537 1431 610 1510 post
631 1413 743 1506 exigua
765 1412 939 1508 primordia
958 1412 1003 1481 ab
1019 1412 1179 1507 Aeschylo
1202 1436 1304 1508 paene
1327 1437 1394 1482 esse
1417 1408 1590 1504 perlectam
1613 1425 1643 1478 et
1659 1409 1850 1480 absolutam.
1884 1410 1967 1484 Ter·

179 1535 267 1604 tium
292 1537 431 1604 actorem
455 1549 557 1600 utrum
580 1527 751 1621 Aeschylos
774 1551 816 1598 an
835 1523 1014 1622 Sophocles
1037 1526 1204 1612 invenerit,
1227 1553 1297 1597 cum
1321 1525 1442 1620 antiqui
1463 1523 1634 1620 scriptores
1656 1524 1719 1593 sibi
1749 1525 1812 1620 ipsi
1840 1541 1966 1596 eontra·

179 1648 309 1732 dicant,
339 1670 450 1740 parum
478 1643 586 1739 liquet.
631 1641 658 1709 li
681 1658 788 1709 tamen
810 1657 892 1710 recte
912 1639 1018 1710 lacere
1043 1641 1199 1727 videntur,
1222 1641 1276 1737 qui
1291 1638 1483 1738 Sophoclem
1506 1640 1702 1708 inventorem
1725 1639 1967 1731 nominant'⁸).

177 1763 252 1835 Sed
275 1761 405 1830 miretur
424 1758 560 1826 sortasse
584 1755 703 1851 quiesi
727 1753 848 1848 legerit,
871 1756 994 1825 cantica
1016 1755 1056 1824 ab
1081 1754 1238 1850 Aeschylo
1261 1753 1421 1823 deminuta
1443 1777 1523 1840 esse,
1546 1753 1663 1850 quippe
1686 1755 1774 1823 euius
1797 1754 1830 1822 in
1850 1753 1968 1825 sabulis

179 1877 309 1946 cantica
339 1872 503 1942 dimidium
535 1885 618 1940 certe
648 1870 744 1938 totius
774 1859 925 1938 hamatis
954 1869 1113 1967 expleant.
1167 1870 1200 1938 Is
1215 1891 1301 1958 ¹vero
1331 1867 1424 1937 velim
1454 1869 1649 1953 meminerit,
1680 1884 1753 1936 aute
1775 1867 1966 1964 Aeschylum

182 1989 347 2058 actionem
369 1986 472 2080 ipsum
485 1986 529 2054 ·in
551 1983 715 2078 tragoedia
737 2009 805 2054 reru
821 1983 1038 2052 secundariam
1053 1982 1161 2071 luisse,
1184 2000 1258 2053 ante
1275 1981 1433 2078 Thespim
1448 1980 1544 2078 plane
1558 1983 1746 2065 uullam⁸').
1790 1983 1968 2080 Aeschylus

179 2104 280 2196 igitur
303 2101 352 2196 pri
360 2125 428 2168 mus
450 2098 534 2182 lecit,
559 2097 697 2167 utactio
720 2098 844 2168 cantica
865 2099 1085 2193 aequaret'⁸).

276 2215 368 2284 Haec
384 2239 455 2283 cnm
471 2212 657 2306 gravissima
674 2212 824 2305 Aeschyli
839 2212 951 2280 merita
972 2212 1046 2295 siut,
1070 2211 1134 2280 alia
1156 2237 1222 2282 nou
1243 2235 1346 2308 pauca
1368 2228 1476 2282 extant
1498 2213 1638 2282 eiusdem
1660 2229 1784 2308 poetae,
1807 2239 1878 2284 curn
1900 2213 1965 2286 illis

185 2330 318 2426 quidem
349 2353 415 2396 nou
447 2325 682 2420 comparanda,
711 2348 792 2420 qnae
821 2340 927 2393 tamen
949 2324 991 2392 ad
1014 2325 1212 2418 tragoediam
1234 2325 1439 2396 excolendam
1462 2327 1653 2422 permultum
1676 2327 1815 2400 fecerint.
1860 2329 1966 2399 Multa

183 2446 220 2514 in
254 2443 343 2511 ebori
375 2439 597 2509 saltationibus
625 2439 795 2508 artificiose
822 2438 1011 2532 excogitavit
1041 2439 1257 2535 instituitque,
1289 2437 1420 2510 chomrn
1450 2441 1553 2536 ipsum
1584 2440 1752 2537 splendide
1775 2443 1982 2523 omauit⁸').·

186 2557 360 2629 Scenicum
391 2570 580 2652 apparatum
609 2553 653 2623 ita
688 2553 789 2638 auxit,
818 2552 934 2650 utqui
958 2567 1052 2622 antea
1074 2553 1212 2640 extabat,
1234 2577 1337 2650 paene
1359 2553 1464 2622 nullus
1487 2555 1582 2626 luisse
1603 2556 1756 2626 videatur.
1801 2555 1968 2652 Pulpitum

188 2799 402 2814 m

186 2961 237 3031 ad)
260 2963 347 3019 Vitae
364 2963 468 3018 Aesch.
484 2961 586 3034 Suppl.
602 2976 648 3033 ep.
666 2957 739 3015 ttob.
755 2958 936 3016 Dioscorides
955 2977 1001 3034 ep.
1017 2960 1142 3016 Brunclr.
1163 2960 1195 3017 in
1207 2963 1292 3020 Auel.
1303 2963 1326 3018 l.
1345 2959 1439 3036 p.d97
1458 2973 1486 3020 et
1504 2962 1536 3020 in
1552 2964 1678 3021 lacobsii
1691 2965 1811 3022 Anthol.
1822 2967 1844 3022 1.
1862 2963 1965 3039 peto

258 3053 356 3108 Horat.
368 3051 404 3106 A.
413 3052 444 3105 l’.
455 3046 517 3112 ill.
527 3066 609 3125 seqq.
627 3046 762 3103 Philostr.
776 3049 814 3104 V.
829 3049 866 3103 A.
880 3051 943 3105 Vll.
962 3067 990 3122 p·
1000 3047 1063 3108 2d5.
1081 3043 1230 3120 Ἀθηναῖοι
1248 3056 1360 3124 πατέρα
1378 3052 1425 3122 τῆς
1444 3051 1599 3123 τραγῳδίαι
1612 3050 1703 3142 'eleis
1721 3051 1842 3128 circino.
1992 3065 1998 3072 “

185 3175 238 3246 35)
261 3171 357 3230 Verba
379 3171 540 3228 Aristotelis
564 3169 600 3228 eri
619 3169 668 3228 roi
684 3168 766 3244 popei
779 3165 919 3242 ἠλάττωσε
938 3171 1056 3228 luerunt
1075 3171 1127 3248 qui
1153 3173 1360 3232 adnumerum
1388 3175 1590 3234 choreuteruur
1614 3177 1797 3234 deminutum
1822 3161 1966 3247 referrent,

257 3277 330 3336 quos
346 3259 530 3318 enumerarit
548 3269 576 3315 et
593 3259 698 3321 refellit
715 3261 897 3322 sternamus
916 3259 948 3318 iu
965 3262 1072 3332 Opust.
1086 3263 1168 3333 ll.,p.
1186 3269 1245 3326 129.
1261 3281 1321 3337 seq.
1338 3263 1398 3324 llo.
1416 3266 1575 3324 Addendus
1591 3263 1681 3324 estiis
1700 3265 1893 3326 Schrueidertts
1905 3269 1926 3322 l.
1938 3284 1966 3324 c.

259 3368 287 3423 p.
297 3357 342 3412 98.
362 3346 510 3404 Aristoteli
527 3346 682 3404 adsentitur
696 3348 828 3403 Philostr.
846 3348 878 3404 in
899 3350 936 3404 V.
952 3350 1080 3422 Apellen
1091 3351 1140 3406 Vl.
1155 3359 1195 3408 11.
1216 3351 1330 3426 Tragici
1350 3355 1431 3410 cheri
1449 3354 1546 3430 quinis
1565 3353 1647 3410 denis
1666 3353 1724 3410 lere
1743 3355 1873 3426 personis
1891 3371 1965 3411 eon-

256 3436 380 3506 stabant,
395 3435 463 3492 side
477 3436 575 3489 lterm.
591 3435 656 3502 l.c.‚
676 3434 707 3490 in
722 3436 849 3492 censure
863 3437 976 3493 Welclr.
990 3437 1097 3494 Aeseh.
1112 3437 1184 3494 Tril.
1200 3458 1228 3518 p.
1242 3449 1274 3500 10
1290 3450 1318 3496 et
1329 3443 1474 3500 Weisker.
1489 3443 1521 3500 in
1536 3443 1639 3498 Aeecb.
1654 3442 1726 3498 Tril.
1738 3461 1768 3516 p.
1777 3439 1820 3501 13.
1831 3444 1876 3502 61.
1886 3461 1968 3519 seqq.

186 3564 237 3637 36)
260 3559 379 3619 Aristot.
398 3558 429 3614 in
447 3557 483 3614 A.
492 3561 522 3612 Ρ.
533 3571 557 3613 c.
570 3553 596 3624 l.
610 3557 653 3614 16·
672 3557 755 3632 Diog.
770 3561 861 3614 Leert.
877 3558 909 3614 in
922 3559 991 3616 Vite
1008 3562 1079 3615 l’let.
1094 3565 1231 3630 XXXIV,
1243 3564 1288 3622 56.
1310 3564 1413 3622 Suides
1427 3583 1460 3622 v.
1474 3564 1622 3637 Σοφοκλῆς.
1647 3566 1840 3624 Dicaearchus
1857 3569 1968 3624 Messe·

98 3643 107 3660 '
255 3650 323 3706 nius
341 3649 373 3704 in
391 3648 542 3719 Supplem.
561 3659 608 3718 ep.
627 3643 758 3713 Robore,
782 3648 892 3702 Auctor
911 3646 996 3704 Vitae
1020 3649 1110 3721 Soph.
1128 3651 1204 3706 tertii
1222 3652 1326 3709 ectoris
1345 3653 1544 3711 inventionem
1563 3655 1701 3728 Sophocli
1728 3654 1869 3711 tribuunt.
1904 3658 1967 3712 Ae-

255 3739 359 3809 schylo
384 3735 515 3792 tribuunt
538 3732 615 3790 idom
640 3734 809 3792 Alllloieles
831 3752 878 3807 Ap.
899 3738 1039 3796 Themlsi·
1062 3737 1094 3794 ln
1119 3740 1195 3795 ΟΝ.
1216 3743 1284 3798 XV.
1310 3761 1338 3814 p.
1362 3751 1416 3804 385
1437 3744 1783 3803 ed.Petav.Parie.1613
1806 3754 1834 3800 et
1856 3746 1968 3804 Auum

256 3828 405 3900 supplem.
425 3823 509 3879 Vitee
526 3823 665 3892 Aeschyli
683 3838 730 3896 sp.
744 3821 950 3882 itubertellutn.
986 3829 1048 3884 ilco
1072 3843 1140 3884 vero
1163 3827 1347 3886 Aristotelem
1364 3832 1486 3893 dirersis
1509 3832 1686 3905 temporibus
1704 3833 1832 3891 diverses
1849 3833 1881 3890 in
1898 3851 1967 3890 sen·

258 3915 363 3974 tentius
383 3910 498 3970 ridetur
520 3909 691 3978 detexisse,
718 3912 797 3986 quod
819 3929 887 3970 cunr
904 3914 1061 3987 Sophocles
1081 3915 1157 3977 tertii
1176 3917 1279 3977 ectoris
1301 3917 1435 3978 inventor
1458 3919 1670 3994 perhiberetur,
1698 3920 1730 3976 iu
1754 3923 1903 3980 numellis
1921 3933 1966 3978 te·

256 4021 324 4062 meu
341 3998 480 4070 Aeschyli
500 3997 605 4054 tabulis
627 3999 742 4055 tertium
765 4009 889 4058 eclormn
906 4019 1043 4076 apparere
1060 4003 1142 4068 vidit.
1164 4005 1324 4067 ‚Nimirum
1342 4010 1497 4082 Sophoclis
1517 4012 1685 4082 exemplum
1704 4018 1840 4089 xsecutus,
1865 4011 1895 4073 in
1922 4012 1966 4067 se·

256 4092 351 4158 bulis,
375 4105 447 4164 ques
473 4103 562 4142 senex
587 4085 719 4157 scripsit,
748 4087 862 4147 tertium
886 4101 1012 4148 sutorem
1033 4091 1199 4162 Aeschylus
1223 4096 1368 4154 ediunxit.
1405 4099 1484 4169 eree
1505 4099 1643 4156 sententie
1666 4109 1708 4156 est
1732 4098 1909 4156 Deblmenni
1934 4100 1965 4156 in

256 4176 423 4236 Primordiis
441 4183 469 4232 et
486 4175 623 4244 Succeseu
643 4183 699 4230 ret.
715 4176 886 4234 Comoediee
897 4188 950 4234 etc.
962 4197 991 4252 p.
1001 4187 1047 4244 29.
1082 4183 1192 4238 Auctor
1205 4185 1403 4258 supplementi
1419 4186 1570 4248 Aristoteli
1588 4186 1703 4243 videtur
1722 4185 1876 4246 obsecutus
1894 4205 1966 4244 esse.

258 4273 301 4324 ne
325 4275 425 4341 questo
448 4272 543 4321 ectose
566 4261 634 4321 side
655 4265 766 4328 toute.
788 4268 838 4322 tv.
859 4274 902 4326 to·
926 4269 965 4324 V.
982 4270 1028 4337 1⁵,
1054 4269 1105 4326 sed
1127 4271 1204 4337 coes.
1229 4275 1385 4346 Tyrwhitt.
1403 4285 1432 4332 et
1455 4277 1556 4332 Ηοιιιι.
1578 4273 1614 4331 ed
1637 4275 1760 4332 Aristot.
1784 4276 1821 4334 A.
1839 4279 1870 4333 P.
1886 4274 1912 4344 l,
1930 4277 1967 4335 16

258 4375 290 4430 p.
305 4362 366 4418 109.
380 4371 441 4429 seq.

186 4487 235 4553 31)
254 4479 339 4554 Diog.
349 4475 517 4531 tueretur.
528 4477 664 4532 xxxiv.
674 4477 719 4536 56.

188 4609 235 4676 ss)
260 4607 457 4659 ilermeunnnr
481 4607 597 4654 secutus
619 4599 780 4662 Aristotelis
803 4599 891 4657 rerba
914 4601 967 4658 τόν
989 4601 1072 4678 io'yee
1095 4591 1328 4682 npoeeyoeserp'v
1349 4607 1424 4666 verti
1451 4609 1637 4684 „primemm
1663 4611 1788 4686 pestium
1807 4623 1966 4670 actorem*
2023 4629 2159 4710 s
2225 4659 2228 4664 .

258 4691 335 4836 (Gluid
360 4689 397 4745 sit
421 4684 502 4833 idgqs
524 4685 755 4759 πρωταγωνιστής
780 4689 892 4747 diverse
922 4691 1032 4750 ratione
1056 4696 1204 4770 explicent
1230 4695 1413 4755 Hermennus
1444 4709 1472 4776 ‘i
1496 4699 1690 4760 Schneiderus
1714 4701 1750 4758 de
1775 4703 1871 4778 origg.
1894 4711 1964 4774 treg.

285 4795 383 4835 reecee
400 4785 455 4848 pl
503 4791 586 4848 seqq.

186 4909 236 4976 39)
260 4901 368 4960 Athen.
379 4901 401 4954 1.
417 4917 446 4972 p.
458 4905 507 4968 tt,
522 4915 549 4954 e.
567 4899 677 4957 Auctor
695 4901 778 4958 Vitae
796 4901 902 4959 Aeecb.
921 4902 1054 4962 Philostr.
1075 4905 1104 4961 in
1127 4903 1164 4962 V.
1177 4907 1278 4980 Apoll.
1289 4911 1340 4966 Vl.
1358 4920 1401 4970 11.
