4476 5604
378 1634 547 1706 namquam
580 1634 661 1704 quae
692 1631 713 1676 a
743 1607 950 1704 scriptoribus
974 1603 1111 1700 antiquis
1142 1605 1181 1674 de
1204 1601 1362 1698 Aeschylo
1393 1616 1488 1696 poeta
1511 1600 1688 1683 traduntur,
1722 1599 1837 1694 partim
1861 1601 2006 1693 exiguam

230 1727 349 1798 babent
376 1727 489 1809 fidem,
528 1725 643 1818 partim
673 1723 734 1793 sibi
756 1724 829 1818 ipsa
851 1721 1036 1814 discrepant
1059 1738 1089 1788 et
1111 1735 1304 1814 repugnant,
1339 1741 1438 1809 caque
1461 1716 1495 1784 in
1517 1714 1624 1782 multis
1648 1712 1736 1780 libris
1760 1712 1855 1808 longe
1878 1715 2005 1814 lateque

231 1839 377 1934 dispersa
400 1863 466 1908 non
489 1839 556 1908 sine
580 1837 687 1931 aliquo
717 1837 823 1907 taedio
853 1851 991 1930 possunt
1014 1835 1160 1928 congeri,
1199 1833 1273 1902 lecit
1296 1848 1402 1901 tamen
1427 1845 1541 1926 poetae
1565 1827 1953 1922 grandiloquicelebritas
1976 1848 2008 1902 et

232 1954 486 2045 tragoediarum,
517 1975 599 2046 quae
628 1967 764 2021 aetatem
791 1966 936 2019 nostram
959 1949 1144 2042 attigemnt,
1168 1947 1380 2042 praestantia,
1408 1961 1443 2014 ut
1466 1943 1525 2012 viri
1548 1942 1632 2011 docti
1655 1940 1740 2010 baud
1763 1945 1857 2038 pauci
1880 1943 1944 2014 illis
1968 1947 2007 2016 de

231 2067 383 2160 Aeschyli
412 2067 476 2135 vita
504 2063 691 2158 fragmentis
726 2063 913 2156 colligendis
948 2063 1134 2131 ordinandis
1167 2061 1426 2154 illustrandisque
1454 2081 1583 2152 operam
1611 2057 1842 2152 impenderent.
1887 2060 1925 2128 In
1948 2059 2009 2131 hac

231 2195 338 2250 tamen
366 2180 550 2274 quaestione
580 2173 760 2272 perdifficili
788 2199 854 2242 nou
882 2194 1079 2270 propterea
1124 2175 1182 2258 illi,
1211 2201 1291 2268 quae
1322 2191 1378 2244 aut
1407 2172 1686 2267 praetermiserunt
1713 2187 1768 2240 aut
1797 2173 1901 2244 minus
1925 2191 2008 2245 recte

231 2295 464 2382 intellexerunt,
498 2285 749 2386 reprehendendi
778 2303 869 2372 sunt,
908 2317 978 2358 curn
1006 2291 1039 2358 iu
1066 2316 1100 2358 re
1128 2289 1222 2358 tantis
1252 2287 1407 2382 implicita
1429 2284 1665 2356 difficultatibus
1690 2286 1741 2354 vix
1765 2287 1933 2382 quisquam
1956 2293 2009 2377 sir,

232 2409 379 2502 quinon
406 2407 531 2478 labatur
557 2431 614 2500 per
644 2427 802 2486 errorem,
840 2404 898 2472 sed
927 2417 1060 2497 propter
1088 2426 1140 2487 ea,
1175 2425 1255 2494 quae
1283 2417 1366 2471 recte
1394 2415 1624 2496 exposuerunt,
1661 2423 1779 2493 magna
1807 2401 1901 2472 laude
1935 2422 2009 2474 sunt

232 2522 379 2592 ornandi.
424 2519 550 2590 Verum
573 2545 643 2588 cum
667 2516 809 2611 quaestio
835 2516 874 2585 de
896 2516 1052 2611 Aeschyli
1070 2517 1135 2585 vita
1158 2515 1345 2612 scriptisque
1367 2515 1413 2582 ita
1436 2513 1539 2583 adhue
1561 2513 1703 2582 instituta
1726 2515 1783 2602 sit,
1807 2533 1840 2586 ut
1863 2518 2010 2588 absoluta

232 2637 293 2704 diei
316 2661 382 2734 nuon
404 2635 522 2730 possit,
546 2633 573 2700 si
597 2635 635 2700 de
658 2632 781 2722 integro
804 2630 837 2697 iu
860 2629 1011 2724 Aeschyli
1035 2632 1133 2699 vitam
1156 2631 1336 2725 scriptaque
1359 2628 1533 2723 inquiram,
1557 2652 1673 2723 operae
1696 2630 1830 2718 pretium
1853 2631 2010 2702 facturum

230 2749 309 2818 mihi
332 2749 452 2817 videor.
499 2743 586 2816 Nam
619 2771 689 2814 eum
719 2745 754 2812 in
783 2745 870 2811 omni
900 2744 1086 2838 antiquitate
1113 2745 1318 2829 illustranda,
1356 2759 1422 2812 turn
1445 2742 1589 2836 inprimis
1612 2743 1646 2812 in
1668 2742 1799 2813 historia
1821 2743 2008 2834 litterarum,

226 2845 293 2932 'nisi
331 2863 507 2936 coniunctis
542 2857 715 2930 multorum
750 2858 873 2930 viribus
907 2883 974 2928 non
1002 2874 1108 2953 potest
1143 2883 1194 2928 res
1224 2859 1267 2927 ad
1295 2858 1450 2952 liquidnm
1477 2856 1617 2950 perduci.
1662 2858 1774 2952 ltaque
1804 2857 1832 2928 si
1860 2886 1900 2929 ne
1931 2860 2023 2932 mibi.

227 2977 360 3068 quidem
390 2975 551 3068 obtigerit,
588 2988 623 3040 ut
654 2971 838 3041 exhauriam
867 2974 975 3042 omnia
1005 2989 1037 3042 et
1064 2972 1244 3068 expediam,
1281 2971 1426 3064 gaudebo
1454 2987 1578 3068 tamqn,
1617 2969 1645 3039 si
1674 2971 1829 3044 nonnulla
1852 2990 1935 3046 certe
1957 3001 2009 3047 me

227 3089 347 3162 'rectius
370 3088 592 3184 explicavisse,
615 3087 677 3155 alia
700 3088 836 3180 primum
859 3087 893 3156 in
916 3089 1054 3158 medium
1078 3077 1248 3181 protulisse
1272 3085 1364 3180 aequi
1388 3083 1505 3154 iudices
1528 3071 1715 3158 censuerint.

321 3200 404 3272 Cum
433 3228 507 3272 vero
539 3203 572 3272 in
601 3201 749 3271 omnihus
778 3203 834 3286 iis,
870 3227 950 3296 quae
981 3203 1118 3274 dicturus
1148 3226 1234 3286 suru,
1252 3222 1256 3231 ·
1273 3225 1336 3296 quo
1373 3197 1498 3270 facilius
1531 3197 1665 3268 lectores
1698 3201 1837 3272 iudicare
1875 3206 2009 3299 possint,

228 3315 412 3384 testimonia
441 3317 630 3410 scriptorum
657 3341 738 3410 opus
770 3317 812 3384 sit
835 3317 950 3400 afferri,
981 3315 1146 3401 nonnulla,
1176 3332 1210 3383 ιιι
1233 3316 1416 3410 probentur,
1441 3314 1746 3405 argumentationem
1767 3317 1938 3411 requirant,
1970 3347 2010 3391 ne

232 3430 346 3498 seriem
369 3455 475 3497 rerum
499 3431 625 3524 saepius
648 3429 895 3522 interrumpam,
927 3453 1006 3495 neve
1034 3429 1068 3495 iu
1091 3429 1226 3522 siugulis
1250 3429 1344 3497 rebus
1369 3427 1569 3522 exponendis
1593 3428 1724 3514 diutius,
1757 3454 1852 3523 quam
1874 3456 1935 3526 par
1957 3435 2007 3520 sit,

229 3537 336 3612 'morer
357 3543 503 3628 lectores,
527 3541 650 3629 omnia,
674 3559 739 3611 tum
764 3567 844 3636 quac
868 3557 952 3610 certa
976 3557 1059 3626 sunt,
1082 3559 1147 3612 tum
1172 3568 1252 3637 quae
1275 3567 1335 3636 ego
1359 3566 1418 3637 pro
1441 3543 1533 3612 certis
1557 3540 1670 3626 babeo,
1694 3561 1845 3638 perpetua
1868 3549 2008 3618 oratione

230 3657 385 3742 narrabo,
423 3673 455 3726 et
481 3681 544 3726 uno
572 3657 663 3750 quasi
692 3673 863 3750 conspectu
900 3679 1096 3750 proponam,
1134 3657 1315 3725 testimonia
1348 3674 1454 3726 autem
1483 3672 1515 3724 et
1544 3658 1833 3749 argumentationes
1861 3660 1894 3729 in
1923 3664 2007 3732 notis

233 3771 437 3862 subiungam,
475 3795 516 3839 ne
542 3787 597 3838 aut
631 3771 714 3839 ordo
747 3797 851 3839 rerum
884 3770 1043 3854 turbetur,
1082 3787 1136 3839 aut
1168 3788 1369 3864 argumenta,
1408 3771 1520 3868 quihus
1550 3797 1626 3840 usus
1661 3772 1738 3856 sim,
1777 3773 2008 3853 desiderentur.

234 3887 383 3976 Ceterum
410 3900 444 3952 ut
470 3882 588 3978 legem,
628 3909 722 3978 quam
750 3913 820 3953 cum
850 3883 936 3951 omni
963 3883 996 3951 in
1025 3911 1059 3954 re
1091 3885 1199 3956 critica
1230 3903 1295 3954 tum
1325 3885 1386 3955 bac
1414 3885 1447 3960 iu
1473 3886 1659 3980 quaestione
1687 3885 1764 3956 mibi
1786 3888 1916 3982 scripsi,
1955 3891 2008 3963 bic

232 4021 425 4092 proponam,
461 3996 554 4066 liceat
582 4014 722 4089 repetere
751 4015 782 4068 et
814 3998 905 4092 quasi
933 3999 966 4067 in
997 4025 1064 4066 rem
1094 4025 1198 4068 meam
1227 4017 1426 4084 convertere,
1461 4023 1541 4094 quae
1569 3999 1752 4069 Lobeclrius
1777 4002 2007 4098 (Aglaophll.

231 4111 497 4205 praesidius:
543 4113 653 4196 „Sine
681 4113 866 4182 coniecturis
894 4115 1025 4182 omnino
1054 4137 1106 4182 ars
1137 4131 1245 4183 nostra
1275 4131 1420 4184 constare
1442 4139 1508 4182 uon
1531 4129 1652 4208 potest,
1693 4113 1805 4184 sedin
1829 4143 1867 4185 eo
1890 4147 2007 4212 genere

231 4225 314 4294 hane
334 4225 585 4294 moderationem
605 4225 745 4294 adhiberi
767 4245 902 4323 oportet,
927 4245 960 4300 ut
980 4253 1081 4322 neque
1102 4253 1181 4322 quae
1205 4229 1355 4324 explicari
1378 4245 1543 4324 nequeant,
1567 4253 1668 4322 neque
1692 4253 1773 4323 quae
1796 4230 2007 4325 explicatione

232 4365 298 4408 non
328 4339 455 4430 egeant,
489 4333 635 4438 improba
674 4342 809 4435 quadam
844 4343 1024 4412 curiositate
1059 4341 1277 4412 sollicitentur.
1321 4344 1472 4438 Equidem
1499 4366 1572 4410 raro
1606 4342 1666 4411 buc
1702 4345 1863 4432 descendi,
1901 4351 2005 4420 omnis

233 4453 430 4536 coniecturae
452 4454 640 4548 principium
664 4457 819 4526 inscitiam
843 4481 915 4527 esse
936 4474 1041 4541 ratus,
1078 4483 1178 4552 neque
1201 4481 1308 4550 aegre,
1341 4458 1488 4552 quicquid
1511 4455 1704 4552 periclitatus
1727 4483 1813 4545 sum,
1836 4463 2004 4551 remittam,

233 4567 259 4634 si
282 4567 353 4660 quis
378 4567 512 4636 certiora
535 4570 687 4656 attulerit,
712 4590 811 4668 aeque
833 4573 955 4640 incerta
978 4571 1193 4666 promentibus
1216 4571 1417 4666 respondebo
1440 4568 1576 4641 breviter
1598 4589 1628 4642 et
1651 4573 1774 4644 sedate:

656 4689 719 4756 Σοὶ
737 4669 805 4776 ’μὲν
828 4685 938 4758 ταῦτα
960 4683 1113 4758 δοκοῦντ’
1136 4689 1246 4774 ἐστίν,
1269 4689 1345 4775 ἐμοὶ
1367 4685 1407 4758 de'
1428 4685 1543 4758 rdde.“

232 4793 300 4866 set
321 4794 400 4866 haec
420 4795 601 4868 haetenus.
628 4795 724 4882 Nunc
746 4801 785 4870 de
807 4800 957 4895 Aeschyli
978 4801 1043 4870 vita
1065 4825 1269 4894 exponamus.

1709 4921 1790 4987 [Ρ]
