4476 5604
1140 415 1199 505 12

376 598 509 691 Quanto
531 601 566 667 in
587 597 708 668 honore
729 601 816 697 apud
831 599 1042 672 Athenienses
1059 602 1236 698 Aeschylus
1258 602 1354 673 hierit
1374 628 1441 672 non
1463 601 1567 673 solnm
1588 605 1739 703 repetitae
1762 605 1941 677 lahularum
1963 613 2060 680 actio-

285 739 343 784 nes
367 715 426 785 sed
447 715 543 784 etiam
564 713 625 785 hoc
654 732 704 784 est
730 731 932 809 argumento,
970 715 1058 813 qnod
1086 717 1120 786 in
1147 719 1300 788 conviviis
1323 717 1531 788 Athenienses
1565 719 1660 814 myrti
1688 745 1794 790 ramos
1823 709 1964 794 lerientes
1991 749 2060 795 car·

285 830 373 899 mina
401 831 469 900 eins
500 830 757 900 decantaverunt
810 829 900 920 Quin
928 831 1025 901 etiam
1054 832 1166 927 tragici
1195 849 1309 929 poetae
1340 834 1383 902 ad
1410 832 1561 927 Aeschyli
1582 835 1759 930 sepulcrum
1782 861 1874 906 sacra
1896 837 2005 908 iecisse
2028 855 2062 910 et

243 965 258 1053 y
284 943 407 1014 fabulas
430 945 497 1014 eins
519 945 644 1015 dedisse
668 945 822 1014 dicuntur.
868 945 1038 1016 Postremo
1062 963 1189 1017 auctore
1210 947 1359 1042 Lycurgo
1381 964 1507 1018 oratore
1522 965 1659 1018 statuam
1674 957 1807 1020 aineam
1822 951 1981 1046 Aeschylo
1998 977 2061 1022 nna

284 1084 357 1128 cum
379 1057 543 1154 Sophocle
566 1076 598 1129 et
620 1059 774 1155 Euripide
797 1059 1004 1131 Athenienses
1027 1063 1302 1143 decreverunt”).
1344 1061 1455 1131 Etiam
1487 1088 1578 1156 reges
1607 1065 1783 1136 carminum
1811 1065 2061 1162 Aeschyleornm

282 1175 490 1243 amantissimi
523 1174 659 1244 luerunt.
719 1175 893 1270 Dionysius
924 1177 1151 1270 Syracusarum
1182 1193 1333 1272 tyrannus
1366 1175 1516 1271 Aeschyli
1548 1177 1719 1272 pugillares
1751 1181 1842 1266 emit,
1877 1181 2060 1276 tragoediae

283 1287 435 1384 Aeschyli
455 1291 497 1358 ab
520 1288 668 1384 llarpalo
690 1288 733 1358 ad
757 1289 969 1360 Alexandrum
995 1291 1152 1383 lllagnum
1175 1289 1291 1360 missae
1312 1306 1401 1376 sunt,
1430 1307 1524 1387 alque
1547 1291 1752 1363 Ptolemaeus
1771 1294 1819 1362 lIl
1847 1295 2025 1388 Euergetes
2044 1295 2061 1363 l

283 1403 423 1498 Aegypti
445 1429 500 1472 rex
522 1403 701 1498 quindecim
724 1402 848 1474 talentis
871 1406 997 1499 pignori
1020 1407 1102 1474 elatis
1126 1405 1217 1474 trium
1241 1405 1432 1497 tragicorum
1459 1405 1600 1478 codicem
1628 1407 1753 1502 publice
1783 1425 1815 1478 et
1841 1425 2003 1478 exaratum
2029 1423 2062 1480 et

242 1494 247 1589 i
285 1535 481 1590 asservatum
502 1520 544 1587 ab
567 1518 814 1588 Atheniensibus
836 1520 968 1613 aceepit,
992 1545 1093 1615 neque
1115 1519 1319 1602 redditiva.
1391 1589 1397 1604 ,

641 1793 759 1900 Quid
789 1793 1048 1909 Aeschylus
1079 1801 1123 1880 in
1154 1793 1387 1908 tragoedia
1415 1803 1708 1912 praestiterit.

375 1977 460 2048 Cum
481 1977 572 2048 multi
595 1980 669 2066 sint,
692 1981 746 2076 qui
769 2007 806 2050 ex
827 1979 943 2050 sabulis
966 1979 1116 2074 Aeschyli
1138 1979 1313 2049 notioribus
1336 1979 1376 2050 de
1397 1980 1524 2071 ingenio
1546 1978 1695 2075 Aeschyli
1725 1983 1974 2076 disputaverint,
2004 2007 2060 2052 ne·

285 2093 404 2162 minem
427 2093 531 2163 adhuc
554 2095 656 2181 video,
678 2095 733 2189 qui
756 2111 895 2163 vetemm
917 2095 1110 2189 scriptorum
1130 2093 1309 2162 testimonia
1331 2110 1363 2161 et
1384 2095 1501 2186 judicia
1523 2095 1563 2163 de
1586 2096 1751 2164 virtutibus
1767 2113 1799 2165 et
1814 2096 1894 2165 vitiis
1910 2095 2061 2190 Aeschyli

285 2227 429 2278 accurate
451 2208 615 2302 collegerit
636 2225 668 2277 et
690 2207 905 2302 explicaverit
944 2208 1044 2299 Quod
1065 2208 1232 2304 quominus
1254 2207 1323 2301 ipse
1347 2207 1398 2277 bic
1420 2207 1534 2278 faciam
1557 2210 1618 2278 arti
1640 2207 1733 2278 huius
1757 2209 1857 2279 libelli
1881 2210 1958 2279 fines
1982 2235 2061 2310 pro-

284 2321 404 2394 hibent.
451 2322 565 2415 Quare
587 2328 672 2393 nuitc
693 2325 795 2417 magis
817 2322 956 2394 indicare
979 2347 1075 2420 mam
1096 2321 1253 2394 illustrare
1276 2323 1398 2408 omnia,
1427 2321 1491 2392 alio
1516 2339 1656 2418 tempore
1678 2323 1763 2394 insta
1788 2325 2061 2418 argumentatione

285 2435 455 2531 explanare
477 2437 641 2508 inanimo
663 2453 722 2507 est

374 2549 512 2622 Constat
545 2553 744 2645 tragoediam
779 2551 945 2647 Thespide
977 2551 1189 2646 antiquiorem
1221 2574 1304 2635 esse,
1342 2549 1498 2646 Thespim
1532 2577 1609 2620 vero
1641 2553 1849 2622 dramaticam
1880 2554 2061 2646 tragoediae

284 2663 421 2736 sormam
445 2668 711 2762 excogitasse⁸¹).
759 2665 853 2756 Quae
877 2665 1038 2756 tragoedia
1068 2664 1155 2732 rudis
1184 2663 1364 2760 incultaque
1393 2664 1620 2760 aPhrynicho
1644 2664 1839 2761 aliquantum
1868 2666 2062 2760 'amplificata

284 2799 317 2854 ct
338 2781 479 2878 expolita
501 2799 561 2852 est.
601 2782 634 2849 ls
656 2797 754 2875 poeta
776 2780 876 2850 tribus
900 2779 1100 2875 potissimum
1125 2781 1219 2850 rebus
1243 2780 1378 2872 gloriam
1400 2779 1463 2849 sibi
1484 2781 1626 2875 paravit:
1647 2780 1804 2864 cantibus,
1827 2781 2061 2868 saltationibus,

199 2904 244 2989 s,
283 2898 375 2967 noris
403 2899 583 2966 dramatum
610 2895 815 2986 argumentis.
861 2889 951 2964 Nam
980 2921 1052 2964 cum
1082 2893 1225 2988 Thespis
1254 2893 1375 2964 ludicra
1402 2909 1433 2961 et
1456 2895 1602 2964 scurrilia
1624 2909 1811 2990 argumenta
1833 2921 1870 2964 ex
1894 2895 2059 2966 Bacchicis

149 3001 194 3095 f
284 3011 400 3081 fabulis
423 3010 613 3104 deprompta
636 3024 814 3092 tractasset,
837 3006 1039 3102 Phrynichus
1062 3023 1183 3076 mutato
1206 3009 1339 3078 consilio
1361 3007 1404 3076 ad
1426 3009 1615 3102 gravitatem
1642 3026 1675 3079 et
1703 3010 1906 3078 severitatem
1936 3026 2061 3103 tragoe-

286 3122 372 3195 diam
400 3123 616 3220 produxit⁸²).
663 3121 819 3193 Nonnulli
848 3122 902 3192 alii
929 3139 1044 3217 poetae
1073 3121 1184 3214 tragici
1208 3121 1391 3214 Phrynicho
1415 3122 1635 3216 Aeschyloque
1665 3149 1818 3217 suppares
1845 3125 2060 3209 nominantur,

284 3239 343 3309 sed
364 3240 437 3335 qnia
460 3238 582 3308 minore
604 3236 706 3332 gloria
729 3237 894 3321 excellunt,
917 3235 969 3306 hic
991 3235 1138 3306 consulto
1161 3235 1447 3332 relinquuntur⁸⁸).
1493 3236 1617 3306 Omnes
1638 3237 1684 3307 ita
1706 3238 1868 3332 superavit
1882 3235 2061 3332 Aeschylus

286 3529 334 3595 29)
359 3523 679 3599 Aristoph.lluh.1367
697 3525 828 3580 chohol.
845 3522 948 3580 suidas
966 3523 1127 3594 spellinq.
1145 3523 1289 3578 Plutarch.
1301 3523 1400 3579 Vitx
1418 3519 1551 3579 Orate'd.
1562 3527 1682 3578 liutran.
1701 3523 1802 3578 ΜΠ
1819 3540 1847 3595 p.
1857 3527 1919 3581 252.
1936 3525 2058 3580 Pausan.

359 3615 381 3670 l.
393 3621 437 3681 21,
453 3623 480 3673 a.
495 3616 606 3670 Auctor
615 3617 652 3670 V.
662 3615 767 3668 Aesch.

285 3723 334 3788 30)
359 3721 475 3778 tuetur.
492 3720 558 3776 adr.
574 3720 706 3775 Indoctus
721 3735 747 3773 c.
760 3727 803 3777 15.
822 3719 967 3774 Plutarch.
984 3719 1005 3774 l.
1020 3733 1046 3777 o.
1063 3727 1093 3774 et
1111 3717 1143 3772 in
1160 3721 1199 3775 V.
1218 3715 1377 3773 Alexandri
1397 3731 1421 3771 c.
1433 3725 1459 3775 8.
1477 3676 2006 3791 Boeclrh.Greec.'l‘rag.Priuc.'p.l.l·
2063 3719 2067 3726 '

285 3831 334 3900 st)
358 3827 442 3902 Diog.
460 3831 553 3883 Laerl.
571 3827 604 3882 in
621 3828 660 3882 V.
672 3827 782 3880 Platon.
797 3827 937 3880 xxxiv.
948 3825 993 3884 ⁵6.
1011 3825 1210 3880 atheuxtv.
1223 3843 1252 3898 p.
1262 3826 1324 3884 630.
1343 3822 1495 3879 Thicrsch.
1514 3821 1545 3877 in
1561 3821 1719 3880 Introducl.
1736 3823 1862 3879 adPind.
1880 3827 1915 3880 Τ.
1927 3827 1949 3880 l.
1960 3833 2058 3898 pist.

355 3917 483 3972 Boeclth.
503 3915 535 3972 in
554 3914 730 3970 Oeconomia
749 3914 856 3968 Athen.
874 3916 910 3967 Τ.
921 3915 956 3967 11.
968 3931 998 3986 p.
1007 3916 1069 3971 ³62.
1079 3931 1123 3988 sq.

285 4024 331 4092 32)
357 4019 522 4079 Schneider.
541 4020 577 4077 de
590 4020 687 4096 Origg.
700 4023 786 4096 Trag.
796 4021 844 4074 Gr.
855 4038 884 4094 p.
893 4016 930 4078 dl
938 4037 1019 4094 seqq.
1037 4019 1193 4092 Thespidis
1214 4019 1371 4092 tragoedias
1387 4015 1510 4090 satyrica
1527 4016 1653 4073 dnmala
1676 4018 1765 4076 luisse
1785 4019 1895 4090 primus
1912 4016 2060 4076 Bentleius

355 4111 440 4166 ridie.
459 4106 762 4182 coutopusoposl
782 4107 992 4163 Adsentiuntur
1009 4111 1191 4164 hicemannus
1209 4110 1254 4178 (sd
1264 4108 1353 4164 Arist.
1366 4109 1401 4162 Δ.
1412 4110 1441 4162 Ρ.
1458 4125 1486 4178 p.
1500 4107 1573 4174 loti).
1592 4108 1817 4179 Kanogieseerue
1835 4106 2060 4174 (Korniiuehne

356 4199 389 4254 in
407 4197 502 4254 Attica
521 4199 618 4271 pli),
638 4195 809 4254 aiemtuedt
828 4196 878 4264 (de
895 4199 1028 4252 llrarnate
1046 4197 1218 4252 Graecorum
1238 4195 1500 4266 comico-satyrico
1521 4215 1550 4268 p.
1564 4199 1622 4266 il).
1648 4193 1797 4250 Thiersch.
1811 4195 1829 4249 l.
1845 4211 1869 4249 c.
1888 4195 1947 4248 Alii
1965 4197 2059 4251 severi

268 4270 281 4287 ’
356 4287 518 4364 argumenti
533 4286 707 4365 tragoediam
724 4283 865 4358 Thespidi
883 4283 1028 4354 tribuunt,
1053 4285 1084 4340 in
1101 4285 1208 4360 quibus
1226 4286 1310 4340 doleo
1328 4303 1389 4342 esse
1405 4284 1588 4358 Fingamus,
1613 4282 1709 4338 virum
1733 4281 1824 4338 veteri
1849 4283 1976 4339 amicitia
1993 4302 2059 4339 ωο-

359 4395 426 4434 cuna
449 4377 644 4436 coniunctum.
679 4375 757 4432 Vide
780 4375 841 4430 eius
865 4374 1014 4443 libellum,
1039 4391 1126 4448 quern
1151 4374 1188 4430 de
1210 4373 1344 4430 dramatis
1365 4375 1538 4429 Graecorum
1556 4371 1677 4442 satyrici
1703 4369 1814 4446 origine
1837 4371 1965 4446 scripsit,
1985 4391 2013 4446 p.
2026 4383 2057 4432 le

359 4485 419 4541 seq.
437 4469 580 4521 Praeterea
602 4463 773 4521 consulendi
794 4472 861 4520 sunt
883 4463 1003 4520 Aristot.
1028 4461 1060 4518 in
1083 4464 1121 4518 Δ.
1142 4465 1171 4517 P.
1186 4479 1213 4518 c.
1234 4459 1261 4534 l,
1281 4469 1323 4522 li.
1351 4463 1435 4518 Diod.
1457 4461 1514 4516 sic.
1529 4464 1580 4526 IV,
1594 4467 1622 4520 5.
1642 4457 1747 4514 Suidas
1765 4478 1794 4514 v.
1809 4459 1896 4516 oller
1917 4457 1987 4530 erpo's
2008 4461 2059 4518 τὼν

362 4552 503 4612 Aeo'mov.
532 4553 676 4608 Plutarch.
694 4552 728 4608 in
745 4553 879 4626 Sympl.
892 4559 952 4620 ns
979 4553 1058 4625 Quae
1076 4561 1175 4608 centn
1192 4551 1265 4610 haec
1282 4550 1445 4624 disputarit
1461 4549 1633 4606 walcherus
1650 4545 1682 4602 in
1699 4549 1847 4623 supplem
1868 4566 1897 4621 p.
1913 4555 1964 4612 252
1976 4567 2058 4626 seqq.

363 4641 448 4698 lacile
466 4640 558 4698 retem
577 4649 706 4714 possunt.

290 4754 339 4822 aa)
362 4747 516 4818 Pratinarn,
535 4745 710 4816 Choerilum,
728 4747 882 4826 cercinum
899 4747 975 4803 dico.
993 4747 1070 4804 Vide
1087 4745 1223 4802 Schneid.
1237 4749 1259 4802 l.
1273 4764 1300 4803 c.
1317 4765 1345 4820 p.
1354 4753 1398 4805 88.
1408 4761 1488 4822 seqq.
1508 4741 1682 4802 Eichstaedt.
1696 4743 1755 4798 lc.
1767 4748 1907 4815 122283.
1928 4743 2058 4820 Pinzger.

363 4839 428 4894 ho.
446 4854 475 4912 p.
489 4841 533 4892 22.
552 4835 699 4891 welcher.
716 4833 749 4890 in
766 4836 839 4892 Tril.
858 4855 887 4911 p.
903 4833 956 4900 llll
974 4845 1004 4892 et
1021 4835 1054 4890 in
1072 4836 1221 4910 auppten.
1239 4855 1269 4910 p.
1285 4843 1347 4895 28⁰.
1356 4854 1438 4912 seqq.
1453 4843 1516 4900 291.
