4476 5604
1057 389 1086 478 ll

171 585 358 678 potestate
376 581 549 652 admodum
578 578 729 648 diminuta
758 575 801 646 ad
830 575 955 670 plebem
979 597 1136 649 summam
1158 569 1300 642 omnium
1322 593 1426 640 rerum
1449 567 1710 662 gubernationem
1732 567 1963 660 detulisset''),

171 698 364 793 Aeschylus
395 697 510 792 quippe
548 695 601 789 qui
630 709 663 762 et
689 691 789 762 nobili
819 718 836 760 e
866 705 959 783 gente
987 705 1073 758 ortus
1104 703 1202 772 esset,
1232 703 1264 756 et
1286 683 1458 754 nobilitatis
1483 685 1588 754 studio
1611 684 1771 776 flagraret,
1795 686 1962 773 01.eo‚2

172 809 400 908 'Ope'oreeorr,
424 837 503 904 quae
516 807 778 900 ’Appepee'pevorou
803 803 1023 904 Xoppo'povc,
1047 802 1253 892 Εὐμενίδας,
1278 802 1429 896 Πρωτέα
1453 799 1728 892 complectebatur,
1751 799 1861 887 edidit,
1884 827 1962 896 qua·

173 949 253 993 rum
281 927 372 994 tertia
393 922 510 1009 lahela,
541 921 733 990 Eumenides
757 921 839 1004 dico,
868 919 1023 1014 Ariopagi
1047 917 1273 987 iustitutionem
1297 913 1477 984 celebravit.
1522 913 1613 982 Vicit
1635 914 1761 1006 quidem
1784 914 1962 1010 Dionysiis,

174 1040 240 1108 sed
272 1041 499 1108 obtrectatores
528 1052 662 1132 poetae,
694 1059 766 1104 eum
797 1034 948 1103 victorem
971 1059 1043 1101 eum
1065 1031 1236 1101 renuntiari
1260 1029 1423 1114 audirent,
1453 1044 1596 1124 apertam
1620 1054 1686 1097 esse
1709 1027 1742 1096 in
1769 1027 1962 1099 Eumenidi-
1988 1061 1994 1099 ι

174 1153 242 1224 hus
276 1155 494 1248 mysteriorum
523 1149 779 1245 profanationem
807 1146 1019 1218 vociferantes
1049 1147 1209 1240 ingentem
1232 1145 1266 1213 in
1288 1143 1413 1212 theatro
1437 1143 1602 1212 tumultum
1626 1143 1799 1212 ediderunt.
1846 1139 1962 1238 Neque
2052 1124 2061 1141 ⁸

172 1269 318 1336 multum
349 1266 429 1336 aluit
459 1266 533 1360 quin
560 1264 719 1358 lapidibus
749 1279 845 1359 poeta
876 1263 1074 1342 obrueretur3
1116 1275 1310 1355 quapropter
1340 1283 1410 1327 cum
1442 1257 1474 1325 id
1501 1283 1618 1326 cavens
1650 1258 1693 1326 ad
1723 1255 1844 1326 Bacchi
1872 1283 1961 1328 aram

173 1381 390 1474 confugisset,
412 1379 619 1474 Ariopagitae
642 1379 683 1447 ah
706 1378 896 1448 adversariis
921 1394 954 1446 ut
976 1376 1062 1470 apud
1085 1401 1119 1443 se
1140 1399 1229 1442 reum
1252 1372 1401 1456 lacerent,
1425 1371 1634 1466 postularunt.
1670 1371 1751 1462 Qua
1766 1397 1801 1440 re
1819 1373 1962 1466 ‚permoti

172 1494 334 1589 Aeschyli
357 1493 531 1564 adversarii
553 1493 636 1562 diem
660 1494 689 1562 ei
712 1494 865 1563 dixerunt.
889 1492 995 1585 Atque
1018 1489 1105 1561 chori
1128 1493 1303 1579 δᾳδουχιά
1325 1487 1359 1554 in
1382 1486 1465 1568 cuitu
1486 1485 1702 1556 Eumenidum
1724 1502 1962 1580 repraesentata
1992 1518 1996 1531 ·

170 1608 342 1704 profanati
366 1608 505 1703 mysterii
528 1607 740 1702 suspicionem
763 1607 804 1676 oh
829 1605 989 1700 quandam
1013 1627 1151 1700 pompae
1168 1602 1353 1672 Eleusiniae
1370 1598 1609 1670 similitudinem
1626 1599 1748 1670 videtur
1763 1599 1961 1695 praebuisse.

168 1723 356 1818 impietatis
380 1746 455 1814 ergo
478 1721 650 1805 incusatus,
674 1748 745 1790 eum
773 1723 814 1792 oh
838 1721 950 1789 merita
979 1744 1055 1813 erga
1077 1719 1213 1812 patriam
1237 1732 1269 1786 et
1292 1739 1350 1785 sua
1373 1731 1405 1784 et
1429 1713 1580 1808 Cynegiri
1603 1713 1729 1799 fratris,
1759 1716 1812 1811 qui
1841 1716 1961 1784 nudato

169 1837 309 1908 brachio
338 1837 450 1906 mutilo
471 1835 787 1907 'commiserationem
815 1837 950 1905 iudicum
977 1847 1210 1917 commoverat,
1249 1847 1314 1900 tum
1344 1854 1382 1898 eo
1412 1830 1497 1923 quod
1532 1853 1566 1898 se
1594 1829 1781 1899 inscientem
1808 1831 1961 1925 mysteria

170 1953 313 2024 laesisse
342 1951 599 2036 demonstrabat,
637 1950 749 2043 capitis
780 1949 945 2019 absolutus
969 1952 1085 2028 est²⁰).
1132 1947 1258 2016 Tamen
1283 1970 1322 2014 ea
1343 1967 1394 2012 res
1420 1945 1464 2014 ita
1487 1945 1659 2014 commovit
1681 1943 1891 2039 Aeschylum,
1926 1961 1962 2016 ut

171 2065 296 2140 relictis
320 2064 454 2136 Athenis
478 2065 592 2134 iterum
614 2063 648 2132 in
671 2063 813 2133 Siciliam
835 2063 1097 2160 proficisceretur.
1123 2060 1231 2132 ¹Gelae
1248 2058 1306 2130 Ol.
1323 2067 1406 2145 81,ι
1433 2060 1516 2128 diem
1540 2057 1623 2128 obiit
1640 2083 1831 2154 supremum.
1877 2059 1959 2130 Eius

250 2365 408 2420 Muellerus
426 2364 586 2436 v.Argum.
600 2364 702 2436 Suppl.
719 2361 750 2420 in
763 2359 831 2418 edit.
845 2361 951 2419 Aesoh.
966 2365 1059 2433 Ruth,
1086 2372 1115 2420 et
1132 2363 1303 2418 Welolrerue
1321 2359 1352 2416 in
1370 2361 1478 2416 Aesch.
1499 2361 1571 2416 Tril.
1591 2381 1621 2434 p.
1638 2359 1689 2420 dol
1717 2369 1781 2435 port
1807 2362 1851 2418 01.
1865 2369 1915 2430 79,
1941 2361 1959 2422 l

249 2452 430 2521 Aeschylum
459 2452 611 2524 Supplices
634 2452 758 2508 edidisse
784 2451 922 2524 suspicati
952 2461 1035 2523 urst,
1063 2469 1186 2526 querum
1212 2448 1408 2505 auctoritatem
1427 2465 1541 2522 seqrror.
1560 2451 1702 2523 Harrptius
1727 2449 1958 2524 (Aeschsrrppl.

249 2546 366 2612 ptos).
387 2542 431 2596 01.
442 2544 512 2608 79,ι
533 2551 624 2596 actem
643 2558 704 2596 esse
723 2538 850 2596 tabulam
868 2539 1015 2598 existimat
1033 2539 1170 2594 inanibus
1189 2536 1314 2611 profecto
1333 2537 1507 2613 argumentis
1526 2555 1603 2594 usus.
1623 2571 1658 2584 -
1677 2543 1719 2594 De
1730 2537 1862 2614 trilogiee
1870 2540 1960 2597 huius
1998 2535 1999 2538 ’

249 2628 460 2700 compositione
479 2629 664 2684 consentiunt
682 2629 718 2683 A.
732 2630 765 2682 G.
779 2628 956 2702 Schlegelius
975 2627 1121 2698 (Ueberd.
1135 2628 1224 2682 dram.
1244 2629 1337 2680 Κιιιιιι
1355 2643 1385 2681 ιι.
1403 2625 1622 2697 Litt.1.p.1ss).
1642 2629 1833 2684 Bluemnerus
1853 2626 1959 2696 (Ueber
2010 2625 2015 2635 '

177 2719 183 2734 ¹
250 2713 279 2769 d.
298 2716 365 2770 ldae
383 2715 411 2769 d.
431 2715 593 2772 Schicksals
612 2717 644 2770 in
663 2715 692 2770 d.
712 2714 891 2790 Tragoediam
909 2715 937 2770 d.
956 2716 1057 2772 Aisch.
1079 2717 1183 2787 p.99),
1213 2714 1358 2769 Gemellius
1384 2711 1541 2784 (Attisehes
1559 2714 1683 2770 Theater
1702 2719 1802 2786 p.2t),
1833 2717 1958 2772 Conzius

249 2801 379 2874 (Einleit.
400 2821 426 2858 a.
445 2800 607 2858 Uebersetz.
626 2804 677 2860 der
695 2803 867 2860 Schutzlleh.
887 2822 916 2876 p.
930 2808 960 2860 X
979 2803 1091 2878 seqq),
1123 2804 1295 2858 Welolrerus
1306 2803 1433 2873 ·(Aesch.
1442 2801 1513 2855 Tril.
1526 2819 1553 2872 p.
1561 2809 1613 2858 300
1626 2809 1715 2876 seq),
1744 2805 1887 2876 Hauptius
1907 2806 1956 2875 (ad

248 2891 598 2962 Aesch.Suppl.p.112),
617 2909 740 2966 quorum
759 2892 938 2948 coniecturae
956 2910 1016 2948 nou
1034 2890 1172 2956 dubitari,
1191 2891 1264 2966 quin
1282 2893 1424 2945 calculum
1443 2890 1605 2956 adiicerem.
1636 2893 1815 2955 Hermannus
1836 2893 1956 2968 quidem

249 2977 420 3034 contradicit
440 2975 799 3056 (Opusc·11.p.309seq.l,
818 2980 868 3038 sed
887 2981 948 3037 eius
966 2980 1142 3058 argumentis
1161 2997 1177 3034 a
1196 2979 1350 3034 Welclsero
1368 2978 1437 3036 setis
1456 2995 1626 3052 responsum
1644 2979 1768 3034 ridetur.

140 3095 145 3105 ’
178 3104 227 3172 19)
250 3099 337 3156 Diod.
356 3099 526 3163 sic.xt.7t.
545 3106 620 3158 rtur.
631 3103 719 3160 Arist.
730 3107 810 3162 mid.

175 3227 225 3296 20)
250 3223 361 3279 Auctor
378 3223 462 3304 Vitae
481 3227 586 3282 Aesch.
606 3227 703 3282 Schol.
722 3227 809 3284 Arist.
828 3233 986 3286 llamtlsi.
1006 3227 1102 3283 Schol.
1122 3227 1227 3284 Aesoh.
1246 3227 1349 3300 Agam.
1368 3225 1489 3299 Argum.
1508 3225 1613 3281 Bloml.
1633 3224 1669 3279 ad
1688 3227 1708 3280 1.
1720 3228 1806 3297 c.p.5
1819 3227 1863 3284 ed.
1877 3228 1955 3302 Lips.

247 3313 375 3368 Beeckh.
402 3315 500 3374 Graec.
519 3318 604 3388 Trag.
625 3315 718 3371 Princ.
738 3335 767 3388 p.
786 3318 831 3375 36.
868 3317 953 3372 Diod.
973 3317 1095 3372 Sioxl.
1112 3327 1154 3378 78.
1194 3314 1339 3370 Starrleirrs
1365 3315 1399 3367 ad
1430 3313 1597 3386 catalogum
1625 3311 1788 3367 fabularum
1817 3317 1955 3388 Aeschyli

247 3411 448 3472 argrrmentum
467 3401 560 3455 Protei
578 3421 614 3456 ex
636 3402 743 3456 Bacchi
763 3401 867 3460 sabulis
886 3405 1072 3477 desumptum
1090 3416 1176 3482 atqua
1195 3404 1339 3459 Bacchum
1360 3419 1376 3455 a
1397 3405 1497 3456 Proteo
1516 3400 1724 3476 Aegyptiorum
1744 3420 1807 3478 rege
1827 3404 1955 3477 hospitio

251 3498 403 3562 exceptum
429 3499 516 3560 caput
538 3487 653 3542 fabulae
679 3488 765 3544 fuisse
788 3491 957 3564 suspicatur.
993 3493 1157 3550 Boeckhius
1185 3489 1310 3548 Menelai
1333 3507 1398 3544 cum
1422 3493 1523 3546 Proteo
1550 3488 1778 3558 contentionem,
1807 3511 1895 3568 quam
1923 3495 1955 3550 in

249 3573 376 3646 Odyssea
395 3579 537 3630 Homerus
557 3575 686 3644 tradidit,
706 3568 943 3649 repraesentatam
964 3578 1052 3636 luisse
1071 3593 1166 3637 censet
1186 3585 1239 3637 l.c.
1251 3599 1279 3653 p.
1290 3581 1407 3638 eamus.
1427 3579 1786 3635 AdsentiturHermanuus
1806 3581 1836 3635 in
1848 3583 1954 3654 Opusc.

246 3663 282 3716 ll.
296 3679 325 3734 p.
336 3671 402 3732 308,
422 3674 505 3738 negat
523 3665 694 3721 Welclterus
714 3665 744 3719 in
763 3667 867 3738 Apsch.
887 3669 958 3724 Tril.
977 3677 1079 3740 p.508.
1099 3669 1286 3744 Antiquitatis
1305 3667 1468 3724 testimonia
1488 3669 1601 3725 desunt.
1620 3671 1706 3723 Porro
1725 3667 1793 3723 ride
1811 3669 1954 3741 Aptlnertr

247 3755 310 3820 περι
328 3752 553 3806 ἀντιπιπτόντων
572 3769 599 3824 p.
612 3753 675 3810 686.
722 3753 810 3810 Cuius
842 3756 944 3811 ultima
968 3757 1058 3812 verbu
1087 3759 1160 3814 bene
1186 3766 1305 3814 annotat
1333 3759 1514 3811 Hermanuus
1540 3757 1570 3810 in
1600 3757 1858 3829 Opusc.ll.p.163
1883 3759 1953 3816 sutis

248 3837 457 3904 demonstrare,
487 3855 600 3892 causam
621 3843 757 3913 Aeschyli
786 3859 844 3897 non
869 3844 899 3898 in
920 3843 1015 3902 verbis
1033 3847 1083 3904 sed
1103 3847 1133 3902 in
1152 3861 1257 3919 magno
1276 3843 1375 3918 aliquo
1396 3853 1494 3916 aperto
1512 3844 1631 3899 crimine
1649 3861 1710 3899 esse
1729 3856 1880 3901 uersatam.
1919 3851 1953 3904 ln

247 3924 337 3980 choro
355 3925 548 3982 Eumenidum
572 3929 762 3986 accusationis
781 3921 897 3988 caturam
914 3935 1002 3991 fuisse
1020 3955 1055 3990 ex
1076 3935 1111 3990 iis
1129 3937 1236 4000 elucet,
1255 3933 1450 4008 quaeAuctor
1458 3935 1494 3988 V.
1504 3933 1608 3991 Aesoh.
1628 3941 1656 3987 et
1673 3933 1777 3986 Pollux
1797 3937 1952 4006 (tuear)

247 4023 379 4080 nument,
408 4031 585 4088 quamquam
609 4013 783 4076 balbutiunt.
821 4021 864 4078 Gi.
884 4025 981 4078 Herm.
1004 4024 1035 4078 in
1054 4024 1204 4096 Opusc.ll.
1218 4019 1519 4097 peremptiores.
1559 4021 1715 4094 Impietatis
1738 4035 1818 4076 reum
1843 4023 1962 4111 tecture,

247 4117 307 4156 esse
325 4101 502 4171 Aeschylum
523 4121 559 4156 ex
578 4106 642 4158 Ael.
654 4107 734 4163 V.H.
749 4109 786 4164 V.
800 4117 831 4174 19
851 4121 940 4184 patet,
968 4113 1017 4168 sed
1038 4112 1175 4168 Aelianus
1199 4111 1346 4166 Aminiam
1370 4127 1436 4165 cum
1458 4107 1598 4182 Cynegiro
1618 4106 1764 4175 confudit,
1792 4121 1825 4166 ut
1843 4109 1874 4167 iu
1892 4125 1949 4173 ms

184 4227 195 4242 .
246 4185 406 4242 indicatum
433 4199 484 4244 est.
520 4191 654 4262 Impietas
680 4205 774 4252 autem
802 4197 858 4252 luit
887 4202 1089 4271 mysteriorum
1119 4201 1296 4274 profanatio,
1326 4215 1354 4255 r.
1369 4198 1455 4255 Arist.
1473 4197 1564 4252 Ethic.
1582 4197 1690 4253 Nicem.
1703 4200 1749 4250 111.
1761 4205 1787 4255 2.
1827 4200 1950 4259 Guiuse

246 4273 344 4331 verbis
361 4277 439 4331 idem
459 4280 564 4346 elucet,
583 4281 661 4354 quod
680 4283 799 4354 Apsiuis
817 4287 914 4344 verbis
934 4289 1123 4363 significatur,
1143 4292 1172 4344 iu
1192 4288 1305 4343 actione
1323 4288 1446 4362 quedam
1467 4285 1520 4343 he.
1540 4286 1571 4340 iu
1589 4285 1670 4340 cheri
1688 4290 1949 4359 repraesentatione

245 4361 356 4418 crimen
372 4375 517 4420 versatum
536 4385 605 4422 esee.
625 4371 702 4424 Bene
721 4372 816 4426 lenum
836 4376 992 4446 explicavit
1002 4375 1161 4432 Lobeohiur
1181 4377 1211 4430 iu
1219 4377 1362 4449 Aglaoph.
1373 4379 1394 4430 l.
1408 4394 1435 4447 p.
1446 4380 1479 4436 77
1492 4385 1519 4429 et
1530 4382 1562 4431 82
1575 4392 1634 4449 seq.
1652 4372 1771 4432 Accedit
1784 4378 1948 4438 Heraclides

243 4452 535 4524 Pout.ap.·1tusrrar.
560 4455 595 4510 ad
620 4458 736 4518 Aristot.
755 4463 813 4518 l.c.
851 4465 926 4532 Quid
952 4483 1021 4520 vero
1049 4466 1209 4536 Aeschylus
1235 4465 1266 4520 in
1290 4464 1481 4520 Eumenidum
1507 4463 1597 4517 choro
1622 4465 1796 4536 peccaverit,
1825 4483 1884 4522 nen
1909 4466 1948 4524 ite

245 4535 329 4592 stelle
348 4547 390 4593 ²⁸¹
408 4539 558 4612 auspicari·
576 4547 673 4600 Herm·
693 4548 725 4604 iu
735 4551 884 4622 Opusc.ll.
896 4571 924 4626 p.
940 4557 989 4613 rut
1009 4555 1037 4608 id
1057 4564 1157 4626 poetae
1175 4552 1288 4607 crimini
1309 4551 1407 4608 datum
1426 4569 1487 4608 esse
1504 4551 1658 4621 existimat,
1678 4552 1754 4627 quod
1775 4571 1827 4626 pre
1845 4548 1945 4627 trihus,

245 4641 319 4700 quaa
338 4624 446 4683 Civitas
465 4631 586 4700 coleret,
615 4635 708 4694 Furiis
737 4643 828 4695 multe
854 4643 951 4714 plures
978 4642 1194 4700 introduxisset.
1233 4638 1394 4696 Lobeckius
1419 4639 1488 4694 olim
1514 4639 1543 4694 iu
1567 4639 1675 4696 libellis
1695 4641 1729 4694 de
1747 4652 1834 4713 myst.
1853 4659 1944 4716 graec.

245 4717 414 4788 ”gum-¹¹¹·
433 4726 500 4790 P=1i
522 4728 549 4774 ei
568 4720 605 4776 de
626 4737 765 4799 praecept,
783 4739 869 4800 myst.
882 4733 904 4784 l.
921 4738 990 4804 μᾶ,
1018 4747 1095 4786 nunc
1123 4730 1153 4784 in
1177 4729 1321 4802 Aglaoph.
1334 4731 1354 4783 1.
1371 4735 1438 4800 pat
1451 4736 1510 4804 seq.
1547 4729 1781 4803 Ariopagiterum
1807 4747 1945 4802 pompam

244 4802 321 4858 seces
345 4803 475 4863 ardentes
505 4809 723 4882 praeferentium
754 4825 783 4870 et
808 4817 957 4877 Furiarum
985 4821 1142 4876 solemnem
1171 4815 1371 4872 deductionem
1404 4817 1567 4892 suspicatur
1595 4817 1758 4874 Eleusiniae
1784 4817 1945 4874 deducbr'ae

1565 4905 1625 4973 [2]
