4476 5604
1174 341 1242 438 tt

318 529 476 608 invenisse
492 526 685 622 Aeschylum
706 524 798 596 inniti
820 537 985 596 msmnhrr.
1017 524 1197 598 Histrioues
1220 543 1254 596 ut
1276 547 1443 622 corporum
1466 531 1682 626 magnitudine
1704 535 1834 630 propius
1857 539 1899 608 ad
1916 539 2028 610 heroes
2044 567 2094 615 ac·

319 645 475 728 cederent,
498 641 652 712 cothurno
675 643 708 712 in
731 667 827 712 scena
848 642 894 710 nti
916 639 1018 712 iussit.
1063 640 1154 715 Idem
1177 642 1336 721 restituenti
1348 641 1536 715 histrionum
1558 646 1807 740 splendidiorem
1829 669 1864 722 et
1882 656 2094 746 augustiorem

320 751 466 830 reddidit.
513 757 621 825 Etiam
643 754 804 826 larvarum
826 757 973 825 inventor
993 755 1091 826 luisse
1114 756 1236 842 dicium,
1260 775 1453 852 quamquam
1476 758 1643 830 linteatum
1666 781 1749 833 certe
1773 763 1935 836 larvarum
1955 769 2094 840 mventio

318 874 414 946 etiam
435 871 595 965 Thespidi
618 871 817 941 adscribitur.
864 868 937 941 Nec
958 894 1033 940 vero
1057 869 1107 938 bic
1129 871 1269 942 substitit
1291 871 1479 966 Aeschylus,
1503 874 1677 946 sedetiam
1700 879 1830 973 picturis
1854 905 1983 954 menam
2006 909 2094 952 eror-

316 989 414 1072 nauit,
437 987 531 1056 etiam
553 984 719 1054 machinas
742 985 895 1071 adhibuit,
915 1009 1000 1070 aras,
1023 981 1180 1077 sepulcra,
1212 986 1316 1073 tubas,
1347 1003 1491 1082 spectra,
1521 988 1632 1060 Diras.
1686 990 1896 1089 Quapropter
1930 996 2094 1092 Longinus

315 1102 438 1174 nobiles
461 1117 556 1194 atque
578 1099 719 1169 heroicas
741 1099 854 1169 laudat
876 1097 1023 1192 Aeschyli
1044 1103 1303 1192 punuoeiee⁴').
1342 1184 1347 1192 Ι

405 1215 569 1307 Ωιιοόιιιί
592 1239 772 1284 sermonem
795 1214 907 1282 attinet
930 1239 1040 1282 omnes
1064 1230 1160 1284 testes
1193 1214 1498 1310 magniloquentiam
1526 1235 1641 1312 poetae
1669 1240 1918 1295 commemorant
1944 1242 2013 1310 ant.
2028 1226 2093 1296 lau·
2187 1249 2188 1252 ’

316 1334 431 1404 dantes
454 1346 508 1398 ant
530 1327 809 1423 reprehendentes.
855 1325 944 1398 Nam
966 1327 1063 1399 etiam
1086 1327 1139 1420 qui
1169 1311 1437 1423 reprehenderent
1464 1332 1532 1402 eius
1559 1355 1660 1426 genus
1688 1334 1813 1406 dicendi
1840 1339 2094 1426 mrdtiluerunt,

316 1462 353 1518 ut
375 1445 471 1529 rude,
501 1469 663 1539 asperum,
692 1444 851 1512 vitiosum.
894 1441 1011 1512 Plures
1040 1457 1163 1524 nmen,
1195 1443 1248 1534 qni
1279 1444 1504 1516 sublimitatem
1531 1462 1564 1516 et
1592 1447 1738 1542 spiritum
1765 1453 1921 1522 orationis
1948 1455 2094 1524 admirati

315 1561 350 1631 in
371 1558 432 1629 bac
455 1582 581 1652 qnoque
604 1558 713 1650 poesis
735 1574 826 1652 parte
848 1555 1042 1649 Aeschylum
1064 1556 1355 1650 praedicarent‘¹).
1577 1543 1582 1552 ¹

403 1674 457 1742 De
480 1671 660 1741 hbularum
682 1671 913 1766 compositione
934 1671 1094 1740 neminem
1117 1671 1210 1738 video
1233 1688 1374 1742 veterum
1397 1675 1525 1768 copiose
1549 1674 1688 1748 lucrum
1704 1701 1793 1748 esse.
1841 1680 1906 1750 Sed
1932 1705 2013 1774 quae
2036 1707 2093 1752 no·

315 1791 366 1862 bis
390 1789 510 1858 Auctor
531 1785 630 1858 Vitae
653 1785 804 1878 Aeschyli
826 1784 860 1853 ni
881 1783 979 1854 iailor
1000 1811 1038 1854 ex
1062 1784 1352 1859 Alexandrinorum
1378 1787 1557 1856 criticorum
1585 1793 1821 1863 commentariis
1851 1795 1997 1880 tradidit,
2028 1813 2093 1866 tum

316 1928 467 1998 magnam
490 1915 613 1995 partem
636 1900 679 1968 ad
700 1898 785 1968 hanc
806 1924 874 1966 rem
897 1913 1052 1991 spectant,
1075 1915 1144 1968 tum
1164 1899 1304 1970 omnino.
1318 1899 1408 1970 lectu.
1430 1901 1527 1994 digna
1554 1919 1639 1972 sunt.
1669 1905 1798 1996 -Qnam
1820 1908 1865 1976 ob
1890 1934 1976 1992 rem,
2007 1913 2094 2004 quod

315 2019 383 2090 eius
407 2013 688 2110 argumentationis
712 2026 809 2106 caput
830 2010 897 2080 iere
921 2026 984 2097 est,
1007 2011 1058 2080 bic
1081 2013 1285 2108 subiungam:
1307 2013 1461 2108 Aeschyli
1483 2015 1611 2084 fabulae
1635 2017 1757 2086 subitos
1779 2018 1926 2090 iortrmae
1949 2049 2039 2096 casus
2062 2043 2093 2094 et

315 2157 422 2204 rerum
443 2129 635 2200 mutationes
659 2149 725 2194 non
746 2125 864 2195 multas
886 2123 1016 2194 babent.
1062 2126 1263 2196 Gravitatem
1285 2128 1407 2223 appetit
1430 2145 1534 2221 poete,
1558 2155 1629 2199 eam
1651 2132 1781 2226 antiqno
1804 2150 1836 2203 et
1863 2135 1991 2208 heroico
2016 2156 2091 2207 tenr-

279 2273 395 2371 pore
418 2245 549 2337 dignam
572 2240 767 2312 existimans.
814 2238 977 2338 Quicquid
1000 2267 1076 2310 vero
1098 2238 1343 2326 iruudulentum,
1366 2259 1521 2334 argutruu,
1545 2245 1835 2343 sententiosumque
1857 2250 1908 2334 sit,
1932 2269 2090 2346 atragoe·

279 2313 372 2430 dia
397 2355 535 2430 alienum
561 2355 687 2426 iudicat.
732 2353 912 2424 Gravitatis
935 2353 1082 2448 exempla
1103 2357 1166 2424 duo
1190 2355 1377 2424 afferuntur.
1411 2355 1520 2428 Niobe
1542 2357 1701 2445 involuta,
1732 2387 1813 2457 quae
1835 2391 1935 2458 nsque
1959 2367 2003 2434 ad
2030 2384 2091 2436 ter·

314 2475 394 2544 tiam
415 2471 542 2544 fabulae
563 2486 688 2566 partem
711 2470 868 2542 taciturna
889 2468 923 2536 in
945 2467 1115 2538 liberorum
1138 2467 1284 2563 sepulcro
1307 2469 1404 2552 sedet,
1427 2487 1521 2563 atque
1535 2470 1718 2542 Acbilles’
1699 2505 1739 2547 er
1757 2484 1831 2555 eois
1842 2477 2014 2576 “Europos
2031 2481 2092 2550 lei-

287 2616 410 2688 τροις
433 2585 576 2659 similiter
597 2582 811 2692 involutus,
801 2598 877 2650 rtem
900 2580 1083 2650 taciturnus.
1128 2587 1237 2676 ltaque
1260 2582 1407 2677 permulti
1429 2600 1501 2652 sunt
1527 2583 1590 2652 ioci
1613 2587 1697 2678 apud
1721 2588 1926 2684 Aeschylum,
1950 2596 2005 2688 qui
2029 2612 2090 2663 tra-

315 2701 461 2775 ctationis
484 2685 682 2796 praestantia
703 2695 905 2781 antecellant,
928 2693 1170 2766 lamentationes
1194 2721 1270 2767 vero
1293 2713 1324 2768 et
1346 2697 1531 2785 sententiae,
1556 2722 1637 2794 qnae
1660 2698 1809 2772 lacrimas
1833 2725 1995 2794 moveant,
2019 2733 2089 2777 raru

314 2817 538 2921 reperiunlul'
543 2819 581 2896 ¹)

313 3009 528 3030 ——nss

313 3133 363 3208 lo)
385 3133 520 3189 Philostr.
531 3135 551 3188 l.
560 3150 584 3189 o.
602 3135 682 3190 Alter
696 3133 830 3190 Philostr.
843 3133 874 3188 in
885 3133 962 3191 Vitis
972 3133 1060 3207 Soph.
1074 3151 1102 3208 p.
1112 3130 1175 3197 l92.
1195 3135 1294 3189 Horat.
1307 3133 1345 3190 A.
1357 3135 1387 3188 P.
1402 3139 1455 3197 279
1468 3151 1493 3190 o.
1512 3136 1718 3208 Porphyrionis
1736 3139 1857 3207 scholio,
1875 3139 1932 3195 llio
1944 3143 2088 3214 chrysost.

386 3225 462 3280 Orat.
476 3223 535 3277 Lli.
560 3222 667 3277 Athen.
677 3225 699 3277 l.
710 3225 764 3278 hc.
794 3222 941 3279 Himerius
967 3222 999 3278 iu
1023 3221 1300 3290 0rat.xxxttt.t,
1334 3221 1517 3279 Dioscorides
1541 3240 1587 3296 ap.
1609 3226 1736 3281 Brunok.
1756 3227 1787 3283 in
1804 3229 1892 3283 Auel.
1904 3229 1927 3283 l.
1942 3249 1970 3303 p.
1981 3231 2043 3297 197.
2062 3244 2090 3291 st
2190 3277 2191 3292 1

384 3329 431 3384 ap.
451 3310 563 3366 Jacobs.
575 3311 690 3365 Anthol.
705 3313 727 3365 l.
738 3329 767 3384 p.
783 3309 844 3368 tls.
860 3311 983 3384 Longin.
1001 3318 1063 3380 crept
1082 3305 1163 3380 luove
1182 3327 1205 3365 s.
1217 3313 1290 3379 XV,
1315 3311 1426 3365 Auctor
1447 3313 1484 3366 V.
1503 3312 1608 3367 Aescb.
1623 3327 1648 3367 c.
1662 3315 1809 3388 supplem.
1829 3317 2088 3389 ap.1loh.Vitrur.
2190 3295 2191 3324 i

385 3399 541 3456 Architect.
559 3401 625 3454 vlt.
644 3401 771 3454 Prooem.
796 3398 853 3456 Sed
869 3399 1034 3454 Aristoteles
1050 3395 1082 3452 in
1096 3405 1133 3452 A.
1143 3401 1174 3455 P.
1187 3395 1219 3464 l,
1243 3401 1277 3457 16
1305 3399 1509 3470 σκηνογραφίαν
1526 3401 1678 3474 Sophoclis
1689 3399 1893 3458 'inventionem
1912 3423 1973 3463 esse
1991 3410 2043 3480 ait,
2062 3421 2090 3464 et

384 3487 525 3544 Themist.
550 3487 583 3542 in
607 3489 685 3543 Orat.
704 3491 808 3546 XXVI
823 3487 934 3560 pulpiti
961 3487 1079 3562 quidem
1111 3497 1256 3542 auctorem
1282 3489 1459 3558 Aeschylum
1483 3488 1566 3556 iacit,
1601 3487 1688 3544 ceteri
1711 3506 1781 3545 vero
1805 3503 1959 3563 apparatus
1981 3498 2089 3554 scenici

384 3578 557 3651 Sophoclem
578 3585 607 3632 et
625 3576 803 3649 Euripidem.
840 3579 1000 3650 Utrumque
1017 3575 1185 3647 scriptorem
1202 3579 1277 3630 male
1296 3575 1437 3632 iudicasse
1455 3577 1538 3632 lacile
1555 3585 1598 3632 ost
1615 3576 1821 3640 demonstrare.

313 3684 363 3758 lt)
389 3683 466 3758 Quid
489 3681 575 3738 multi
599 3682 804 3754 Aristophanis
827 3684 960 3754 aequales
984 3681 1022 3737 de
1043 3681 1190 3752 Aeschylo
1214 3680 1366 3748 sentirent,
1397 3680 1604 3736 demonstravit
1628 3681 1779 3753 Euripides
1804 3684 2033 3760 Aristophaneus
2057 3691 2088 3747 in

383 3773 479 3829 nanis.
497 3770 648 3827 Amednut
665 3770 764 3844 Quint.
777 3775 814 3835 Χ,
826 3779 852 3835 1,
867 3771 903 3827 66
920 3779 949 3824 et
969 3771 1090 3844 Longin.
1103 3772 1157 3824 l.o.
1175 3771 1274 3825 Plures
1292 3779 1387 3824 mm·
1405 3779 1472 3824 sunt
1490 3767 1661 3836 laudatores,
1681 3789 1748 3842 prae
1766 3775 1868 3830 ceteris
1881 3776 2089 3848 Aristophanes

383 3861 496 3936 ipse-in
514 3861 615 3926 hastis,
638 3860 761 3930 Dionys.
779 3859 873 3914 idalio.
892 3855 927 3912 de
945 3858 1080 3930 Compos.
1093 3855 1182 3914 Verb.
1197 3875 1225 3930 p.
1240 3865 1300 3922 150,
1321 3857 1360 3910 de
1378 3856 1491 3911 Admir.
1510 3856 1542 3912 vi
1560 3856 1674 3911 dicendi
1693 3859 1724 3912 iu
1742 3862 1891 3916 Demosth.
1910 3879 1940 3934 p.
1953 3871 2033 3932 tots,
2052 3863 2088 3920 do

384 3951 477 4005 Poetis
488 3951 566 4006 Vett.
576 3965 605 4021 p.
618 3945 673 4006 i22
696 3948 742 4004 ed.
761 3948 879 4012 lleislte,
905 3949 1004 4002 llorat.
1018 3948 1056 4002 A.
1067 3949 1098 4002 P.
1115 3949 1135 4002 l.
1149 3962 1175 4001 c.
1193 3945 1251 4002 Dio
1270 3947 1415 4016 chrysost.
1432 3945 1465 3999 in
1483 3946 1560 4000 Orat.
1579 3947 1637 4002 Lll.
1661 3945 2089 4008 Aristid.orsr.1²trtrt.r.11.

385 4056 415 4112 p.
428 4045 479 4097 13³
498 4037 543 4092 ed.
562 4036 756 4110 recupero
774 4036 820 4091 etl.
839 4035 950 4093 Cantor.
970 4034 1117 4091 Himerius
1133 4052 1182 4108 ap.
1199 4035 1334 4090 Photium
1353 4051 1382 4107 p.
1392 4041 1445 4092 328
1464 4033 1509 4088 ed.
1529 4034 1638 4090 Schotti
1652 4037 1730 4092 1653.
1758 4037 1927 4092 Plutarchus
1941 4036 1978 4092 de
1990 4039 2089 4095 Gloria

385 4125 604 4184 Atheniensium
623 4141 649 4181 e.
661 4132 678 4183 5
691 4125 738 4180 erl.
753 4127 873 4180 llotten.
887 4127 923 4179 T.
937 4127 988 4180 lx.
1000 4141 1029 4196 p.
1043 4131 1079 4187 92
1098 4121 1190 4179 tribus
1207 4123 1372 4180 chussimis
1391 4121 1504 4195 tragicis
1524 4123 1646 4190 collatis,
1670 4123 1817 4194 Aeschylo
1835 4121 1931 4194 πόμα,
1949 4125 2089 4202 Sophocli

385 4209 542 4287 λογιότητα,
571 4214 704 4289 Euripidi
728 4215 828 4284 sephu
850 4211 961 4268 tribuit.
1000 4211 1055 4270 cut
1080 4211 1223 4270 consentit
1246 4211 1427 4282 Phrynichus
1452 4228 1499 4283 ap.
1523 4211 1606 4266 Phot.
1629 4213 1651 4266 l.
1667 4227 1694 4266 o.
1721 4220 1847 4268 statuens
1869 4213 1926 4270 ruis
1950 4213 2090 4288 τραγικῶν

385 4301 520 4372 Αἶσχίὶον
545 4301 594 4356 ro'r
616 4298 882 4372 psyeloporro'rurov
904 4309 950 4358 sol
974 4299 1118 4372 Σοφοκλέα
1141 4297 1193 4356 cdv
1217 4297 1317 4372 ylurv'u
1339 4307 1386 4355 sol
1409 4296 1456 4355 τόν
1480 4295 1622 4370 πάνσοφον
1640 4295 1799 4368 Εὐριπίδῃ.
1823 4301 1929 4358 Cottier
1945 4315 2088 4375 prseterea

385 4393 493 4448 Athen.
504 4391 582 4444 vlll.
594 4406 619 4445 0.
631 4397 656 4448 8.
668 4409 698 4463 p.
713 4389 775 4450 d-ii.
805 4388 887 4444 Suid.
906 4387 1151 4460 ne'ptflpeydrps,
1177 4385 1268 4460 ψόφου
1285 4387 1388 4456 πλέως,
1415 4385 1504 4458 λῆμα,
1525 4387 1671 4462 Antipatr.
1696 4388 1828 4450 Thmui·
1847 4407 1894 4466 ep.
1912 4393 2038 4450 Brunclt.
2058 4393 2088 4452 itt

387 4483 472 4538 Anal.
484 4483 519 4534 Τ.
532 4481 567 4534 ll.
581 4497 610 4552 p.
623 4476 689 4547 stt,
709 4497 756 4550 ap.
774 4475 885 4534 Jacobs.
904 4478 936 4533 iu
954 4478 1074 4533 Anthol.
1088 4480 1121 4533 ll.
1135 4496 1163 4550 p.
1178 4487 1238 4536 110.
1257 4537 1262 4548 ,

315 4585 364 4658 lt)
390 4585 494 4648 Ocules
513 4584 641 4642 turoth
660 4581 698 4642 ad
717 4583 821 4656 Odyss-
844 4591 875 4642 tt
894 4601 924 4658 p.
940 4581 1008 4648 19ltl
1030 4582 1066 4640 ab
1088 4583 1152 4640 init.
1172 4593 1199 4639 et
1217 4581 1253 4640 ad
1271 4581 1354 4640 iliud.
1373 4585 1408 4640 Ω.
1427 4601 1456 4659 p.
1470 4579 1539 4644 tels
1551 4583 1571 4637 l.
1583 4581 1628 4640 62.
