4476 5604
1053 399 1108 490 17

179 596 417 682 ‘confuderunt,
453 609 485 666 et
514 607 588 691 post
614 589 786 664 Simonidis
812 571 980 659 victoriam
999 584 1194 680 Aeschylum
1215 583 1359 656 Athenas
1382 581 1544 680 reliquisse
1566 595 1727 676 putarunt.
1736 580 1857 652 De
1844 580 1999 663 innui-2

189 712 250 782 bus
272 712 380 782 tertio'
388 727 419 781 et
443 725 553 806 quarto
576 724 643 777 tarn
666 707 783 777 erudite
806 704 1011 774 Hermannus
1034 701 1197 786 disseruit,
1225 716 1261 769 ut
1289 699 1449 770 neminem
1477 694 1741 792 argumentationi
1768 695 1834 764 eius
1863 677 1995 779 reba-,i

187 827 258 918 gari
286 852 380 921 posse
409 825 587 910 crederem,
616 823 678 892 uisr
669 819 928 908 Welclrerum,
959 818 1045 912 quod
1074 815 1201 887 tertium
1230 814 1395 924 quidem
1385 831 1444 886 ster
1466 813 1593 898 attinet,
1630 809 1793 880 dissentire
1817 808 1983 880 viderem.¹

187 945 299 1038 Itaque
323 964 402 1036 opus
426 956 474 1010 cst
496 965 564 1008 rem
589 937 683 1005 altius
705 951 858 1031 repetere.

274 1055 487 1126 Areteribus
510 1051 730 1148 scriptoribus,
753 1072 834 1145 quos
857 1053 943 1120 nti
967 1047 1074 1132 citari,
1103 1045 1184 1116 haec
1206 1044 1321 1114 tradita
1344 1060 1433 1114 sunt.
1460 1041 1650 1155 Aeschylum
1673 1041 1732 1113 Ol.
1742 1045 1795 1125 77,
1805 1056 1826 1118 ι
1848 1039 1963 1110 iratum
2019 1049 2028 1127 l

186 1169 445 1254 Atheniensibus,
474 1167 560 1262 quod
576 1163 770 1264 Sophoclem
792 1163 887 1232 sibi
876 1190 909 1232 rn
930 1162 1152 1232 certaminibus
1173 1160 1298 1252 tragicis
1318 1158 1549 1254 praetulissent,
1574 1157 1617 1227 ad
1637 1155 1815 1226 Hieronem
1839 1153 1963 1228 abiisse·
2010 1138 2020 1244 l

187 1283 309 1353 Contra
337 1308 375 1353 ea
402 1279 601 1350 VVclclrerus
631 1277 763 1364 (Aesch
779 1277 865 1346 Tril.
856 1305 913 1375 ..p
906 1281 1012 1363 .5t6)
1041 1276 1119 1345 haec
1149 1269 1335 1369 proferte,
1337 1273 1418 1358 ,Der
1440 1273 1641 1367 angegcbene
1664 1271 1885 1365 Beweggrund
1908 1294 1964 1338 aur
2049 1293 2052 1300 ’

183 1393 388 1490 Entlerunug
411 1393 490 1462 wird
513 1391 610 1463 durch
633 1392 871 1488 Aristophanes,
895 1391 993 1461 durch
1017 1393 1085 1458 sein
1102 1389 1288 1481 Schweigen
1307 1413 1391 1457 zuar
1410 1414 1480 1470 nur,
1503 1388 1580 1457 aber
1594 1386 1738 1455 dennoch
1752 1383 1964 1454 wahrschein·

185 1507 250 1579 licb
272 1535 377 1602 genug
398 1506 571 1602 widerlegt.
618 1507 657 1576 ln
678 1507 741 1576 deu
755 1507 784 1575 F
784 1505 950 1577 roschen
939 1521 983 1574 rst
1004 1501 1212 1572 nehmlich
1185 1528 1254 1571 erne
1277 1502 1409 1596 gewisse
1433 1500 1591 1570 erhabene
1607 1499 1884 1593 Zornmtitbiglreit
1905 1500 1962 1570 des

184 1621 357 1715 Aeschylus
386 1623 445 1692 mit
473 1622 607 1692 stolzem
634 1619 846 1715 Kraltgeltthl
876 1618 1078 1703 verbunden,
1113 1641 1151 1685 so
1179 1614 1317 1686 deutlich
1344 1615 1410 1686 und
1438 1613 1626 1686 absichtlich
1656 1613 1850 1706 gezeichnet,
1885 1615 1961 1682 dass

184 1733 253 1804 eine
282 1759 320 1803 so
351 1735 543 1806 audallende
574 1734 676 1808 Sache
707 1733 755 1802 als
784 1733 899 1805 Flucht
931 1759 1041 1828 wegen
1073 1731 1289 1824 Belcidigung
1317 1730 1414 1801 durch
1443 1733 1504 1800 den
1534 1727 1668 1819 Voraug
1699 1728 1754 1796 des
1784 1725 1963 1822 Sophocles

183 1846 280 1918 lraum
301 1849 507 1942 ilbergangen
531 1849 656 1942 werden
677 1847 804 1942 lconnte,
827 1849 893 1918 und
916 1847 967 1916 ein
990 1871 1071 1941 ganz
1096 1846 1228 1916 anderes
1251 1844 1470 1940 persdnliches
1488 1841 1693 1914 Verhiiltniss
1716 1842 1873 1912 zwiscben
1894 1843 1961 1913 bei·

184 1963 247 2032 den
276 1963 486 2056 ausgedrttclrt
509 1961 577 2030 sein
599 1972 728 2030 mltsstc.
775 1961 824 2028 lm
847 1959 1038 2054 Gegeutheil
1060 1961 1104 2032 ist
1125 1959 1299 2054 Aeschylus
1323 1960 1394 2028 dort
1418 1961 1490 2029 dem
1512 1955 1688 2054 Sophocles
1711 1956 1785 2026 sehr
1807 1958 1963 2052 augethan

184 2081 308 2160 (1515),
332 2100 369 2143 so
392 2075 451 2145 wie
475 2075 692 2158 dieser.(790)
717 2074 782 2164 ihm
804 2073 903 2168 willig
925 2075 988 2143 den
1012 2075 1128 2144 Thron
1157 2073 1347 2145 cherlass'tr‘
1400 2074 1465 2143 llic
1497 2099 1563 2143 non
1592 2091 1724 2168 possum
1752 2096 1818 2139 non
1844 2073 1962 2162 mirari,

184 2190 270 2294 quod
292 2187 493 2260 Welclserus
517 2190 565 2259 vir
595 2187 749 2282 elegantis
777 2184 885 2258 iudicii
914 2211 980 2255 non
1002 2187 1169 2275 intellexit,
1200 2189 1276 2286 qnid
1298 2187 1507 2284 Aristophani
1528 2213 1588 2282 pro
1610 2187 1736 2257 fabulae
1759 2185 1844 2254 illius
1869 2211 1961 2282 argu-

174 2313 291 2372 'mento
313 2301 494 2372 faciendum
517 2303 628 2387 fucrit,
657 2301 772 2397 quidve
794 2300 1044 2398 relinquendum.
1089 2301 1219 2371 Etenim
1243 2331 1312 2373 cnm
1335 2301 1395 2373 hoc
1418 2301 1625 2397 Aristophani
1648 2300 1845 2399 propositum
1870 2321 1961 2394 esset,

183 2432 220 2486 ut
247 2417 409 2509 castigatis
438 2415 533 2484 malis
566 2415 692 2507 tragicis
718 2415 820 2510 poetis
850 2416 1043 2510 Aeschylum
1073 2415 1317 2486 Atheniensibus
1347 2417 1599 2501 commendaret,
1630 2433 1724 2510 atque
1747 2415 1866 2484 civibus
1890 2443 1962 2512 per-

87 2617 89 2622 ,
184 2529 318 2600 suadere
341 2529 452 2615 vellet,
475 2546 511 2599 ut
531 2529 700 2624 Euripidi,
724 2555 817 2623 quern
838 2533 872 2599 in
896 2523 1015 2601 deliciis
1038 2529 1212 2616 habebant,
1243 2529 1437 2625 Aeschylum
1461 2531 1670 2616 anteferrent,
1700 2528 1794 2598 stulte
1818 2527 1961 2607 hercules
2001 2579 2002 2584 ι

182 2641 325 2729 lecisset,
359 2644 386 2712 si
408 2643 617 2714 Athenienses
647 2644 731 2713 illius
753 2643 922 2714 simultatis
945 2662 1172 2715 commoneret.
1217 2645 1328 2714 Minus
1353 2645 1446 2714 etiam
1469 2645 1619 2740 quadrat,
1653 2644 1739 2740 quod
1762 2645 1802 2713 de
1825 2648 1966 2724 amiciti·

182 2755 333 2852 Aeschyli
356 2773 387 2826 et
408 2757 575 2852 Sophoclis
596 2757 720 2852 profert
743 2757 948 2828 Welclrenrs.
1002 2757 1091 2830 Nam
1118 2760 1175 2828 illa
1204 2759 1291 2854 apud
1313 2757 1561 2854 Aristophanem
1587 2759 1725 2828 amicitia
1747 2781 1810 2854 qua
1832 2763 1961 2832 tandem

182 2873 306 2942 ratione
329 2895 368 2939 ea
389 2872 592 2958 refelluntur,
616 2897 697 2967 quac
720 2869 910 2943 Plutarchus
934 2889 966 2943 et
986 2873 1087 2944 Vitae
1112 2873 1258 2968 Scriptus
1280 2874 1431 2944 narrant?
1477 2875 1596 2944 Utrum
1620 2872 1773 2968 Sophocli
1795 2899 1837 2943 ιι
1859 2877 1959 2948 Athe·
2018 2930 2035 2965 ,

183 2987 344 3056 niensibns
374 2985 473 3055 iratus
501 2985 674 3080 Aeschylus
705 2987 848 3057 Athenas
875 2987 1027 3082 reliquit?
1083 2986 1198 3081 Pergit
1227 2989 1437 3082 argumentari
1466 2987 1667 3057 Welclrerus
1696 3015 1729 3084 p.
1746 2995 1828 3057 5182
1865 2991 1960 3077 „Ein

184 3099 327 3169 Athener
352 3102 416 3169 und
445 3099 743 3194 blarathonsieger,
772 3101 861 3172 nahe·
885 3103 957 3170 dem
981 3101 1209 3188 Greiscnalter,
1244 3102 1394 3172 hr'auchte
1425 3101 1508 3170 wohl
1536 3103 1626 3173 mehr
1650 3101 1768 3172 Grund
1796 3129 1850 3172 ιιι
1874 3108 1960 3178 scine

183 3212 374 3284 Vaterstadt
402 3239 440 3282 ιι
466 3215 612 3300 meiden,
641 3213 688 3290 als
719 3216 792 3286 dass
814 3243 866 3302 vcr,
887 3241 928 3286 ιι
957 3217 1060 3286 einern
1090 3216 1325 3312 Dionysischcn
1353 3215 1503 3308 Festtagc
1534 3215 1621 3287 nicht
1650 3215 1802 3309 gelrr‘inzt
1830 3222 1960 3292 worden

51 3419 53 3424 ι
184 3351 268 3411 ιιι,
309 3349 375 3394 was
407 3326 488 3395 doch
517 3327 642 3398 lreincru
671 3355 712 3400 an
743 3331 827 3400 allen
856 3357 894 3400 zu
918 3330 1017 3400 Theil
1040 3332 1167 3400 werden
1189 3331 1338 3402 lconnte.“
1382 3333 1427 3402 At
1449 3355 1547 3400 causa
1568 3331 1689 3400 itineris
1712 3353 1777 3398 non
1800 3329 1878 3403 baec
1900 3334 1960 3408 suit

184 3438 360 3532 Aeschylo,
391 3441 476 3536 quod
503 3465 569 3510 non
599 3459 680 3512 esset
706 3463 894 3530 coronatus,
930 3446 987 3513 sed
1011 3446 1097 3538 quod
1125 3445 1230 3538 ipsum
1260 3445 1439 3538 tragoediae
1467 3460 1605 3540 patrem,
1636 3461 1804 3538 postquam
1833 3472 1957 3522 summa
2007 3496 2010 3528 r

184 3554 394 3649 praestitisset
415 3555 448 3622 in
473 3556 643 3648 tragoedia,
666 3574 779 3651 poetae
802 3560 835 3628 in
858 3560 1021 3652 tragoedia
1043 3559 1148 3643 tironi,
1170 3560 1274 3654 prima
1296 3558 1414 3650 ingenii
1436 3559 1615 3632 rudimenta
1639 3559 1778 3649 ponenti,
1802 3559 1956 3656 discipulo
2004 3536 2011 3647 ‚i

184 3693 241 3738 suo
265 3668 362 3755 (Vita
385 3668 487 3762 Soph.
502 3667 586 3765 παρ’
608 3668 770 3762 Αἰσχύλῳ
793 3671 855 3772 τήν
876 3679 1074 3770 τραγῳδίαν
1095 3671 1240 3760 ἔμαθεν)
1265 3673 1476 3742 Athenienses
1499 3670 1765 3766 posthabuissent.
1808 3669 1956 3770 Denique
2002 3700 2005 3714 ·

185 3807 256 3852 cum
279 3783 400 3852 Auctor
422 3782 524 3852 Vitae
546 3784 663 3854 Aesch.
679 3803 801 3871 narret,
834 3786 991 3880 Aeschylo
1014 3788 1048 3856 in
1071 3787 1213 3856 Siciliam
1236 3787 1421 3856 adveniente
1444 3787 1622 3856 Hieronem
1645 3785 1782 3856 Aetnam
1804 3789 1958 3883 oppidum

173 3897 378 4004 condidisse,
406 3913 500 3992 atquc
523 3913 652 3991 poetam
673 3901 834 3970 Aetnaeas
858 3900 1016 3986 labulam,
1046 3899 1157 3971 incolis
1181 3900 1305 3970 felicem
1327 3901 1427 3969 vitam
1456 3917 1679 3994 augurantcm,
1708 3899 1859 3984 edidisse,
1891 3931 1957 3974 cer.

183 4027 312 4108 tumque
336 4011 378 4078 sit
393 4009 529 4078 Aetnam
552 4009 610 4079 Ol.
626 4015 680 4097 76,
700 4031 713 4081 t
740 4015 898 4083 conditam
922 4041 1006 4099 csse,
1030 4032 1125 4107 negat
1148 4013 1345 4084 Wclcberus
1369 4043 1400 4111 p.
1417 4021 1482 4086 519
1505 4013 1699 4109 Aeschylum
1715 4012 1770 4083 Ol.
1785 4031 1840 4100 77
1856 4033 1877 4094 ls
1900 4019 1956 4088 de.

99 4141 113 4180 -‘
183 4150 271 4194 mum
292 4125 325 4194 in
348 4122 491 4194 Siciliam
514 4123 658 4214 venisse,
691 4128 947 4223 quandoquidem
977 4157 1035 4200 nec
1058 4127 1116 4199 Ol.
1128 4131 1181 4213 74,
1199 4129 1219 4196 d
1247 4128 1348 4199 Hiero
1370 4134 1507 4200 Aetnam
1530 4130 1718 4212 condiderit,
1746 4153 1804 4198 nec
1826 4133 1891 4200 reri
1913 4134 1955 4204 si·

185 4237 259 4305 mile
283 4237 341 4321 sit,
370 4235 562 4330 Aeschylum
583 4256 658 4334 post
681 4259 751 4312 octo
775 4259 829 4312 aut
850 4268 964 4314 norem
986 4269 1088 4314 annos
1111 4243 1231 4314 civitati
1253 4244 1452 4337 gratulatum.
1507 4243 1649 4335 Quae
1624 4269 1650 4313 sr
1674 4269 1745 4312 vere
1768 4260 1839 4312 sunt
1862 4247 1953 4334 dicta,

185 4348 365 4420 efficitur''
345 4375 402 4435 ns,
432 4350 527 4420 etiam
556 4370 628 4432 ante
658 4356 715 4425 Ol.
733 4375 786 4444 77,
804 4359 882 4427 tin
904 4359 1046 4428 Siciliam
1077 4359 1255 4456 profectum
1287 4383 1358 4428 esse
1386 4356 1594 4453 Aeschylum,
1623 4359 1686 4427 iter
1713 4356 1766 4426 Ol.
1782 4373 1834 4444 77,
1851 4375 1872 4438 t,
1901 4385 1954 4432 su.

184 4480 328 4559 sceptum
350 4489 416 4534 nou
437 4465 645 4560 redarguitur.
704 4473 770 4542 Sed
793 4500 833 4542 ne
855 4474 888 4542 id
912 4473 1039 4568 quidem
1061 4476 1216 4560 concedo,
1252 4489 1324 4543 ante
1350 4472 1406 4542 Ol.
1422 4489 1475 4556 77,
1492 4474 1562 4550 uin
1585 4471 1728 4542 Siciliam
1751 4471 1867 4544 abiisse
1891 4477 1998 4565 Ae',

185 4573 343 4668 schylum,
375 4577 534 4670 quiahoc
561 4585 759 4656 verisimile
790 4603 838 4656 est
863 4613 927 4656 uuo
958 4611 1042 4658 anno
1069 4589 1266 4660 aedificatam
1290 4611 1360 4657 esse
1383 4588 1536 4672 Aetnam,
1570 4613 1671 4685 neque
1693 4587 1785 4656 abest
1806 4574 1953 4684 suspicio,

185 4689 261 4782 quin
289 4691 409 4758 Auctor
436 4691 551 4779 Vitae,
584 4698 700 4794 quippe
733 4700 787 4794 qui
816 4725 939 4770 summa
966 4700 1088 4773 incuria
1114 4727 1189 4772 vera
1211 4701 1309 4786 salsa,
1340 4701 1426 4769 bona
1448 4699 1534 4770 mala
1555 4703 1749 4788 corraderet,
1786 4707 1956 4787 κτίζοντος

184 4800 382 4896 negligenter
409 4830 468 4901 pro
491 4813 669 4894 κτίσαντος
691 4815 860 4909 scripserit
906 4815 1010 4916 Atque
1033 4818 1152 4900 civitati
1174 4843 1276 4913 nuper
1298 4816 1483 4886 constitutae
1506 4814 1697 4910 gratulatum
1720 4840 1790 4885 esse
1812 4816 1954 4914 Aeschy-

1577 4923 1637 4992 [3]
