4476 5604
241 4400 257 4469 l

1018 404 1025 420 ‘
1156 357 1220 460 lo*

294 545 378 618 mine
401 545 468 616 eius
491 543 603 613 aetatis
626 542 711 611 credi
734 567 842 639 posse,
863 543 926 612 nisi
950 541 1043 612 certis
1065 542 1262 636 antiquitatis
1285 543 1475 613 testimoniis
1498 545 1672 614 evincatur.
1719 548 1785 618 Sed
1809 548 1934 642 singula
1956 555 2073 624 exami-

292 682 415 732 nemus.
459 657 604 726 Primum
626 657 686 725 iter
708 657 851 726 stabilire
874 656 980 724 studet
1001 656 1206 726 Hermaunus
1232 657 1352 726 Suidae
1374 658 1556 727 testimonio
1579 687 1608 730 r.
1618 659 1805 752 Αἰσχύλος·
1826 661 1944 760 puysie
1966 667 2005 738 δι’
2022 665 2072 750 εἰς

294 781 460 850 Σικελίαν
488 772 547 844 dui
576 768 618 843 rei
645 779 759 842 πεσεῖν
789 767 833 841 ui
864 767 962 867 ἰκρία
992 773 1273 863 ἐπιδεικνυμένου
1301 772 1418 854 αὐτοῦ,
1453 772 1608 870 χελώνης
1630 778 1863 872 ε’πιρῤιφείσης
1886 777 1982 871 αὐτῷ
2003 781 2072 854 ὑπό

293 889 396 963 ἀετοῦ
417 891 582 987 φέροντος
604 883 693 956 nard
715 886 774 984 τῆς
795 887 945 982 κεφαλῆς
966 881 1119 956 ἀπώλετο
1140 885 1228 956 ε’τῶν
1245 882 1289 984 νή
1311 887 1508 977 γενόμενος.
1548 887 1711 958 Tabulata
1735 889 1896 975 Ol.10,t
1928 893 2073 990 collapsa

292 1032 372 1090 csse,
395 1019 531 1073 constat.
570 997 660 1068 Nolo
682 1017 794 1072 contra
814 1001 1035 1068 Hermanunm
1058 1009 1170 1094 urgere
1192 999 1227 1069 iu
1243 998 1309 1071 'hoc
1332 1002 1452 1074 Snidae
1473 1001 1546 1072 loco
1567 1029 1638 1072 cnm
1655 1002 1719 1074 alia
1739 1003 1936 1098 negligenter
1954 1010 2073 1102 scripta

291 1135 358 1191 dim
373 1141 537 1187 numerum
552 1117 586 1184 in
601 1114 747 1183 extremis
765 1113 817 1194 (cl.
827 1127 921 1192 nat)
933 1130 1042 1208 aperte
1058 1138 1128 1184 esse
1144 1113 1271 1199 salsum,
1287 1115 1348 1188 hoc
1363 1141 1491 1212 quaero,
1507 1142 1572 1210 quo
1586 1120 1713 1190 tau'dem
1730 1136 1822 1224 pacto
1837 1118 1955 1190 lactum
1970 1121 2021 1205 sit,
2034 1109 2073 1192 ut

289 1350 425 1420 rundaru
441 1345 606 1415 iucurrisse
622 1344 675 1427 ait,
691 1343 775 1436 quod
791 1358 879 1411 tanto
891 1341 993 1410 studio
1006 1343 1047 1412 ad
1059 1367 1129 1410 eum
1141 1341 1329 1412 eonllnrisse
1340 1344 1477 1439 populos
1491 1347 1576 1415 visus
1589 1363 1683 1430 esset,
1699 1364 1810 1428 utnon
1822 1350 1918 1420 modo
1932 1351 2072 1420 tabulata

290 1478 425 1546 ruerent,
441 1461 497 1528 sed
514 1485 552 1528 ea
566 1485 600 1528 re
616 1458 710 1527 etiam
725 1455 878 1524 Pratinae
892 1454 1001 1525 sabula
1016 1445 1228 1552 impediretur.
1253 1455 1349 1549 Quae
1364 1459 1439 1526 odi'a
1454 1475 1487 1528 nt
1501 1459 1632 1530 evitaret
1646 1461 1803 1556 simulque
1817 1465 1865 1531 sui
1881 1458 2071 1534 desiderium

291 1579 449 1659 excitaret,
464 1576 497 1644 in
511 1572 652 1642 Siciliam
669 1571 795 1640 abiisse.
820 1569 912 1638 Haec
926 1571 1034 1639 omnia
1050 1595 1161 1641 vereor
1175 1597 1215 1642 ue
1231 1571 1325 1642 lacile
1339 1572 1577 1666 redarguantur.
1600 1573 1712 1644 Primo
1727 1577 1812 1644 euim
1829 1579 1856 1645 si
1872 1577 1913 1645 ad
1928 1577 2069 1674 Aeschy-

289 1693 356 1762 lum
370 1713 488 1782 magno
504 1687 607 1756 studio
623 1685 775 1780 populum
791 1684 980 1755 coullnrisse
995 1683 1132 1756 affirmat
1144 1687 1357 1773 Hemranous,
1371 1712 1437 1756 uon
1452 1690 1574 1759 minore
1586 1692 1691 1760 studio
1702 1691 1745 1759 ad
1756 1691 1923 1759 Pratinam
1937 1691 2069 1762 Choeri-

291 1805 427 1898 lnmque‚
450 1802 633 1896 quibuscum
654 1799 757 1892 poetis
780 1823 818 1868 ιο
839 1813 982 1892 tempore
997 1799 1051 1870 ille
1066 1799 1215 1885 certabat,
1231 1801 1417 1870 confluxisse
1433 1805 1607 1871 concedere
1622 1797 1760 1892 cogitur.
1785 1802 1873 1896 Quid
1890 1807 1992 1898 ergo?
2014 1833 2070 1877 cur

289 1907 362 1990 non
378 1919 411 1987 io
434 1909 566 1985 eandam
590 1913 743 1982 invidiam
764 1913 959 1982 incurrerunt
974 1911 1124 1985 Pratinas
1141 1930 1173 1984 et
1189 1913 1379 1986 Choerilus?
1403 1941 1459 1988 cnr
1479 1941 1544 1986 non
1567 1917 1610 1986 ob
1633 1916 1767 1986 eandem
1789 1919 1942 1988 invidiam
1964 1920 2069 1990 solum

290 2031 470 2104 verterunt?
495 2029 619 2098 Deinde
642 2027 684 2096 oh
708 2028 907 2120 quorundam
930 2026 1081 2096 insidiam
1104 2027 1173 2098 sive
1195 2029 1268 2098 odia
1290 2027 1482 2122 Aeschylum
1503 2029 1641 2099 Athenis
1665 2032 1800 2102 cessisse
1824 2033 1874 2102 vix
1895 2035 2070 2130 reperietur

291 2149 345 2244 qui
367 2146 498 2217 credat·
531 2141 756 2233 Quinimmo,
785 2167 857 2211 eum
879 2141 965 2235 apud
987 2139 1139 2235 populum
1163 2142 1195 2211 in
1218 2143 1322 2236 gratia
1343 2142 1536 2236 Aeschylum
1558 2143 1656 2214 luisse
1678 2145 1762 2214 dicat
1783 2146 2008 2234 Hermanous,
2037 2167 2071 2220 et

289 2264 341 2333 ob·
360 2261 454 2331 istam
479 2259 586 2353 ipsam
615 2256 751 2349 gratiam
775 2257 812 2325 in
840 2279 1013 2351 paucorum
1034 2255 1141 2326 odium
1168 2257 1356 2342 incrurisse,
1392 2257 1493 2326 multo
1523 2258 1590 2328 veri
1618 2258 1748 2330 similius
1779 2277 1848 2348 est,
1877 2263 2068 2357 Aeschylum

288 2403 354 2448 uon
376 2373 418 2444 ob
443 2371 639 2468 quomodam
662 2371 736 2439 odia
760 2369 895 2440 Athenis
918 2371 1081 2463 effugisse,
1104 2372 1163 2442 sed
1183 2372 1226 2442 oh
1249 2372 1360 2468 populi
1382 2372 1517 2463 gratiam
1531 2372 1667 2442 Athenis
1690 2375 1859 2446 mansisse.
1903 2377 1970 2446 Sed
1993 2380 2068 2470 quid

288 2481 360 2564 thm'
376 2484 481 2558 multis
503 2487 606 2557 verbis
629 2503 739 2575 contra
761 2485 914 2555 invidiam
936 2483 1027 2556 illam
1046 2511 1165 2580 pugno,
1188 2510 1270 2581 quae
1292 2511 1453 2580 nunquam
1475 2484 1546 2570 suit,
1568 2489 1626 2559 scd
1649 2489 1721 2558 licta
1736 2506 1783 2559 est
1800 2491 1842 2558 ab
1857 2490 2066 2560 Hermanno?

287 2600 605 2686 Postremo,·si·Ol.
619 2613 673 2685 7⁰,
689 2616 713 2666 ,ι
739 2598 916 2693 Aeschylos
936 2600 973 2670 in
994 2599 1140 2672 Siciliam
1164 2600 1258 2694 legit,
1281 2603 1497 2695 quaerendum
1519 2614 1567 2667 est
1590 2601 1675 2694 apud
1697 2627 1790 2696 quem
1814 2588 1845 2672 et
1867 2627 1930 2698 quo
1953 2604 1987 2672 iu
2008 2628 2067 2697 op-
2169 2623 2173 2632 ’

287 2723 366 2820 pido
386 2720 569 2795 deversatus
590 2716 642 2784 sit·
688 2711 776 2782 Nam
800 2713 902 2801 Hiero
926 2715 1153 2810 Syracusarum
1176 2740 1246 2803 ren,
1276 2715 1363 2784 cuins
1385 2711 1501 2810 hospes
1524 2713 1696 2807 Aeschylus
1719 2730 1881 2804 trahes
1891 2716 1958 2793 ,0,1.
1970 2729 2067 2808 ,ῖ5,3

288 2841 417 2908 demum
430 2832 583 2926 regnavit.
613 2829 710 2925 Apud
727 2827 1175 2898 GelensesaitHermannnst
1205 2831 1250 2897 At
1272 2827 1351 2898 haec
1374 2843 1421 2896 cst
1443 2827 1546 2898 altera
1566 2829 1659 2898 lictio.
1699 2828 1809 2919 Quare
1832 2855 1933 2922 neque
1950 2830 2068 2900 Snidae
2203 2841 2204 2858 *

286 2957 389 3050 neque
405 2943 595 3018 Hermanno
618 2944 768 3038 equidem
788 2943 884 3012 credo
899 2941 1091 3030 Aeschylum
1106 2942 1252 3026 Ol.70‚t
1271 2941 1305 3010 in
1319 2942 1459 3012 Siciliam
1474 2941 1609 3012 Athenis
1625 2941 1753 3035 fugisse.
1784 2942 1957 3038 Reliquum
1973 2961 2070 3014 estut

287 3064 489 3161 explicemus,
511 3059 673 3159 quomodo
691 3081 798 3128 errare
811 3055 957 3151 'potuerit
975 3057 1104 3128 Suidas.
1136 3056 1218 3126 Cum
1235 3073 1271 3126 et
1287 3055 1435 3140 Ol.10,t
1455 3073 1487 3126 et
1500 3056 1557 3128 Ol.
1568 3067 1650 3142 60st
1673 3061 1708 3128 in
1723 3055 1872 3149 Aeschyli
1892 3059 2068 3130 actionibus
2203 3121 2204 3158 .

287 3179 395 3273 magui
419 3176 528 3277 populi
552 3175 701 3244 tumultus
714 3173 923 3254 ‘exstitissent
946 3172 1064 3242 Snidas
1087 3187 1232 3264 tempora
1252 3169 1386 3254 miscuit,
1410 3185 1442 3238 et
1463 3172 1551 3264 qnod
1576 3171 1633 3238 Ol.
1650 3177 1740 3254 8⁰‚2
1762 3171 1881 3240 lacurm
1903 3189 1981 3257 erat,
2002 3174 2070 3244 iam

290 3295 447 3377 Ollyofr
474 3290 690 3359 [auumesse
711 3287 850 3356 tradidit.
886 3283 1077 3358 Boethius
1099 3283 1354 3381 l.c.p.38scq.
1383 3284 1503 3360 Suidae
1526 3283 1880 3364 verberarit-„mulium
1904 3284 1961 3356 01,
1976 3304 2067 3374 7334
2203 3309 2204 3312 =

289 3425 392 3480 ortum
424 3403 540 3475 reterre
563 3403 699 3474 ridetur.
749 3399 828 3474 Nou
848 3399 1005 3491 refragat,
1034 3399 1212 3496 siquidem
1236 3398 1296 3469 hoc
1318 3399 1405 3493 prius
1426 3399 1488 3473 iter
1509 3397 1603 3492 fugae
1626 3399 1753 3468 nomine
1777 3399 1879 3492 possit
1900 3400 2069 3494 appellari.
2203 3467 2204 3472 ,

200 3557 235 3590 ‚2
289 3509 354 3598 Sed
376 3523 549 3591 redeamus
576 3519 618 3588 ad
645 3517 876 3588 Heuuanuum.
931 3513 1113 3602 Secundum
1142 3513 1202 3582 iter
1230 3511 1436 3583 Hermaunus
1460 3539 1492 3604 p.
1511 3525 1583 3588 ¹1⁴5.
1603 3523 1675 3579 15³.
1695 3515 1756 3582 162
1774 3513 1963 3606 Aeschylum
1991 3541 2068 3611 pm.
2203 3527 2204 3540 ³

289 3654 397 3741 pterea
420 3635 596 3728 suscepisse
618 3632 674 3715 ait,
695 3630 782 3725 quod
804 3655 824 3697 a
848 3629 1013 3699 Simonide
1041 3631 1179 3696 carmine
1201 3626 1343 3716 elegiaco
1367 3627 1464 3696 rictus
1487 3643 1580 3696 esset.
1626 3625 1736 3694 Testis
1754 3643 1805 3694 'est
1828 3631 1947 3696 Auctor
1970 3628 2068 3702 Vitae
2203 3683 2204 3702 2

288 3750 453 3849 Aeschyli:
470 3775 474 3784 ·
492 3745 624 3846 Ἀπῆρε
653 3745 703 3817 δι”
724 3741 809 3841 πρὸς
836 3743 981 3840 'lepore
1007 3743 1067 3836 τῆς
1088 3746 1248 3820 Σικελίας
1274 3739 1449 3837 τύραννον
1477 3737 1568 3812 narei
1589 3743 1703 3820 ἐνίους
1725 3743 1764 3814 ἐν
1788 3741 1835 3832 ιῷ
1856 3739 1907 3824 εἰς
1928 3742 2007 3824 τούς
2027 3747 2068 3817 ἐν

291 3868 494 3966 Μαραθῶνι
515 3859 731 3956 τεθνηκότας
753 3861 888 3948 ἐλεγείῳ
910 3860 1069 3955 ἡσσηθεὶς
1084 3861 1269 3950 Σιμωνίδῃ.
1297 3854 1422 3926 Verum
1444 3855 1509 3927 iure
1532 3854 1608 3926 mibi
1632 3855 1741 3922 videor
1763 3855 1904 3926 dubitare
1926 3884 2002 3928 nom
2024 3862 2069 3930 ob

282 3967 549 4070 ¹eaur'vietorium
573 3971 748 4068 Aeschylus
772 3974 908 4067 patriam
930 3972 1100 4066 reliquerit.
1155 3967 1244 4040 Nam
1267 3997 1337 4042 cum
1365 3971 1408 4042 ob
1432 3995 1523 4040 suam
1551 3973 1584 4040 in
1607 3970 1728 4062 tragica
1750 3987 1817 4040 arte
1840 3975 2068 4064 praestantiam

290 4119 416 4169 summa
439 4091 622 4162 auctoritate
644 4107 675 4158 et
698 4087 878 4157 celebritate
901 4087 987 4181 apid
1009 4085 1217 4156 Athenienses
1246 4084 1388 4170 floreret,
1417 4103 1510 4180 atque
1533 4085 1744 4154 Athenienses
1776 4086 1927 4175 tragicam
1952 4089 2068 4182 poesin

289 4213 390 4312 pluris
414 4209 635 4290 aestimarent,
659 4225 756 4302 quem
777 4200 970 4296 elep'acam,
998 4225 1100 4296 neque
1122 4223 1191 4270 non
1210 4201 1277 4294 ipse
1300 4199 1459 4292 elegiaeae
1480 4200 1635 4269 minorem
1659 4222 1789 4292 operam
1812 4199 1914 4285 daret,
1937 4219 2068 4296 propter

292 4327 465 4401 Simonidis
486 4320 653 4389 'victoriam
675 4319 727 4386 rix
749 4319 854 4413 potnit
874 4318 919 4386 ita
939 4315 1150 4397 ell'erresotre,
1174 4330 1207 4383 ot
1228 4314 1261 4384 in
1284 4314 1494 4384 voluntarium
1516 4314 1616 4386 abiret
1637 4312 1775 4380 erilium.
1820 4315 1957 4400 Accedit,
1980 4319 2068 4410 quod

291 4441 350 4516 01.
362 4457 448 4526 yar,
469 4452 643 4534 propterea
663 4447 733 4503 nort
753 4433 856 4530 potuit
877 4431 917 4500 ad
941 4430 1114 4500 Hieronem
1131 4430 1357 4523 Syracusarum
1380 4446 1549 4522 tyrannum
1569 4453 1604 4496 se
1626 4424 1779 4511 conferre,
1803 4428 1888 4520 quod
1906 4428 1964 4498 Ol.
1976 4441 2065 4515 75‚s

290 4561 418 4630 demum
442 4545 551 4632 lliero,
564 4567 714 4646 tyrannus
737 4548 840 4618 lactus
860 4562 919 4616 est.
970 4544 1128 4614 Erranrnt
1149 4567 1243 4637 ergo,
1275 4544 1328 4642 qui
1350 4541 1539 4636 Aeschylum
1563 4566 1582 4613 a
1606 4541 1769 4624 Simonide
1793 4543 1906 4610 rictum
1928 4543 1961 4610 in
1985 4545 2067 4618 Sici·

290 4671 368 4746 liam
391 4671 504 4746 abiisse
525 4660 748 4762 opinabantur.
786 4660 901 4759 Neque
924 4660 1004 4732 latet
1023 4659 1243 4730 sons'erroris.
1283 4653 1371 4728 Nam
1393 4643 2065 4750 oumlA'escbylumbistictumesseinno·

290 4770 411 4872 tuilset,
435 4799 507 4852 eta
532 4771 706 4852 Simonide·
719 4775 975 4874 etmbophode,
997 4789 1093 4870 atquc
1111 4797 1134 4844 a
1149 4771 1310 4867 Sophocle
1332 4773 1448 4854 rictrrm
1471 4773 1504 4844 in
1520 4770 1662 4841 Siciliam
1683 4769 1808 4854 abiisse,
1829 4769 1876 4840 illi
1898 4787 2065 4869 utnmrqne

177 1229 186 1242 ⁹
273 1230 278 1285 .'
291 1233 468 1327 Aeschylus
484 1231 526 1300 oh
542 1230 684 1322 collapsa
699 1228 838 1298 tabulata
852 1229 885 1296 in
895 1227 1036 1299 Siciliam
1051 1226 1196 1321 lugeret?
1219 1229 1425 1302 Hermaunns
1440 1240 1546 1328 ptos
1563 1233 1756 1327 Aeschylum
1776 1233 1976 1304 ininvidiam
1991 1259 2071 1332 qoo-
2203 1311 2204 1328 q
