4476 5604
760 820 1195 935 Aeschyli
1258 819 1472 906 Vita.

312 1039 490 1136 Aeschylus
513 1039 731 1135 Euphorionis
754 1041 836 1110 lilius
860 1041 1077 1128 Atheniensis,
1114 1040 1216 1110 nobili
1237 1066 1255 1110 e
1278 1057 1371 1134 gente
1393 1039 1544 1108 oriundus
1567 1037 1688 1108 dicitur.
1733 1033 1887 1104 Eleusine
1909 1049 2002 1102 natus

153 1231 174 1261 e
227 1171 286 1240 est,
309 1155 367 1222 sed
391 1179 454 1256 qqo
476 1177 561 1250 anno
583 1156 745 1240 incertum,
769 1181 838 1225 curu
861 1156 918 1226 alii
939 1156 997 1226 Ol.
1011 1161 1066 1246 63,
1082 1173 1115 1248 h,
1136 1155 1191 1224 alii
1208 1153 1372 1254 olona
1396 1153 1593 1222 tradiderint.
1638 1151 1732 1222 Duos
1755 1151 1868 1217 fratres
1890 1145 2003 1238 habuit

122 1259 149 1286 ²
228 1269 420 1362 Cynegirum
451 1268 517 1336 sive
549 1267 761 1362 Cynaegirum
791 1286 822 1339 et
850 1271 1028 1356 Aminiam,
1065 1293 1162 1338 uuam
1196 1249 1355 1352 sororem,
1390 1292 1486 1362 quam
1513 1264 1722 1360 ¹Philopithes
1760 1263 1857 1331 duxit.
1901 1258 2003 1328 Filios

229 1383 366 1476 suscepit
391 1382 468 1449 item
496 1383 576 1450 duos
606 1383 845 1477 Euphorionem
879 1401 911 1453 et
939 1385 1077 1453 Bionem
1093 1387 1128 1463 ¹).
1174 1384 1249 1474 Qua
1278 1381 1447 1476 disciplina
1482 1382 1657 1475 quibusque
1695 1377 1807 1446 litteris
1844 1374 2004 1444 institutus

228 1495 390 1589 ingenium
411 1495 580 1564 excoluerit
603 1518 715 1589 parum
737 1512 846 1564 notum
870 1515 934 1583 est,
971 1515 1079 1567 tamen
1112 1497 1145 1565 iu
1168 1497 1390 1591 Pythagoreas
1417 1494 1640 1590 philosophiae
1663 1491 1803 1561 studium
1824 1487 2005 1558 incubuisse

230 1626 263 1679 et
288 1607 462 1678 Eleusiniis
494 1610 649 1702 mysteriis
678 1609 835 1678 initiatum
865 1610 966 1680 fuisse
993 1613 1059 1681 veri
1089 1611 1284 1680 simillimum
1321 1627 1380 1679 est.
1423 1613 1504 1681 Sunt
1530 1609 1646 1692 etiarn,
1685 1606 1739 1700 qui
1775 1602 2007 1698 Aegyptiomm

230 1723 407 1820 sapientiae
429 1723 603 1792 studiosum
624 1724 727 1792 fuisse
750 1725 889 1816 prodant
903 1729 942 1805 ¹).
988 1726 1114 1796 Certior
1146 1743 1253 1794 tamen
1275 1725 1392 1794 scimus
1416 1724 1478 1791 arti
1499 1725 1655 1815 tragicae,
1693 1744 1774 1814 quae
1797 1718 1829 1786 id
1852 1715 2006 1808 temporis

230 1836 459 1921 efflorescebat,
482 1838 674 1931 Aeschylum
697 1839 870 1907 admodum
892 1839 1126 1908 adolescentem
1150 1863 1251 1931 paene
1273 1853 1373 1905 totum
1395 1862 1429 1904 se
1451 1837 1589 1919 dedisse,
1616 1859 1717 1928 neque
1733 1811 2009 1901 ab'adolescenria

232 1951 337 2020 solum
368 1952 548 2043 tragoedias
571 1953 757 2046 scripsisse,
788 1953 845 2020 sed
869 1952 963 2021 etiam
986 1951 1070 2021 haud
1093 1955 1139 2021 ita
1160 1951 1260 2020 multo
1283 1965 1358 2045 post
1379 1973 1475 2042 quam
1497 1948 1651 2042 prodierit
1672 1961 1768 2040 poeta
1789 1946 1943 2034 tragicus,
1975 1941 2009 2008 in

231 2066 378 2136 omnibus
401 2066 476 2134 artis
498 2091 573 2136 suae
596 2066 739 2161 partibus
761 2065 884 2160 priores
907 2083 1017 2162 poetas
1038 2068 1218 2160 super'asse.
1240 2065 1315 2158 lpse
1329 2063 1478 2148 narravit,
1500 2087 1598 2156 puero
1611 2061 1672 2129 sibi
1686 2061 1721 2128 in
1736 2083 1814 2150 agro
1830 2053 2009 2138 dormienti,

194 2231 199 2240 .
233 2205 305 2248 cum
327 2203 404 2250 uras
427 2179 616 2264 custodiret,
652 2178 816 2248 Bacchum
847 2207 908 2274 per
930 2182 1089 2250 somnium
1111 2179 1336 2275 imperavisse,
1370 2177 1553 2270 tragoedias
1578 2191 1610 2244 ut
1633 2175 1795 2245 scriberet.
1844 2170 1910 2238 Ubi
1932 2191 2009 2236 vero

232 2291 403 2377 illuxisset,
441 2293 524 2361 dicto
554 2317 589 2361 se
623 2293 802 2362 audientem
829 2296 971 2390 periculo
998 2295 1082 2364 facto
1109 2295 1216 2363 omnia
1242 2291 1391 2362 facillime
1424 2289 1610 2384 perfecisse.
1654 2291 1758 2382 Atque
1786 2301 1909 2355 tantam
1939 2307 2011 2352 cum

233 2405 366 2476 Baccho
393 2405 640 2476 familiaritatem
667 2433 738 2477 eum
764 2407 873 2476 iniisse
899 2407 1019 2494 fenmt,
1056 2425 1091 2477 ut
1119 2409 1182 2477 nisi
1204 2425 1298 2501 potus
1322 2405 1503 2498 tragoedias
1526 2428 1592 2472 non
1615 2404 1784 2484 scriberet,
1823 2422 1905 2492 quae
1928 2396 2011 2463 hauc

234 2521 277 2590 ub
306 2543 437 2590 causam
463 2545 574 2592 omnes
597 2546 618 2592 a
639 2519 769 2594 Baccho
797 2521 971 2617 inspiratae
993 2521 1150 2612 Aeschylo
1177 2537 1209 2590 et
1235 2521 1370 2590 traditae
1401 2519 1555 2587 dicuntur.
1607 2518 1660 2586 Ex
1689 2515 1750 2586 bac
1778 2513 1885 2582 divina
1911 2505 2011 2577 animi

254 2793 705 2864 t)flerodot.ll.156.V1.lll.
741 2797 891 2870 Aristoph.
910 2800 981 2850 Rau.
990 2803 1044 2860 91³
1068 2806 1095 2852 et
1124 2795 1221 2852 schol.
1241 2794 1277 2851 ad
1296 2799 1317 2852 1.
1345 2813 1370 2851 c.
1389 2804 1418 2852 et
1436 2793 1472 2850 ad
1491 2794 1646 2851 Ares282.
1670 2782 2011 2853 causantescstlll·

307 2887 385 2948 31,3.
395 2884 514 2940 Aristid.
525 2885 556 2939 iu
572 2886 698 2942 Eleusin.
708 2890 743 2941 Τ.
750 2889 772 2940 l.
783 2907 811 2958 p.
818 2883 873 2945 la'l
887 2885 932 2940 ed.
942 2886 1022 2940 carr.
1035 2883 1139 2940 Euseb.
1150 2875 1433 2942 Chremi-'Clemens
1450 2883 1599 2939 snumv.
1607 2899 1636 2953 p.
1644 2882 1697 2938 602
1707 2877 1752 2933 ed.
1763 2873 1844 2946 sylb.
1855 2881 1920 2944 post
1927 2872 2014 2925 Stan-
2118 2875 2122 2882 '

264 3041 267 3050 Ι
306 2970 356 3025 leii
381 2987 471 3027 cures.
499 2973 614 3029 Aeliae.
633 2977 703 3030 Ver.
721 2973 797 3032 Hist.
810 2977 848 3030 V.
864 2981 908 3038 ¹9·
934 2972 1021 3028 Diod.
1039 2973 1097 3038 Sic,
1116 2977 1221 3034 xl.27.
1259 2975 1381 3030 Eustrat.
1400 2971 1437 3028 ad
1456 2970 1579 3028 Aristot.
1606 2970 1671 3024 Eth.
1689 2967 1801 3022 ilicem.
1819 2961 1953 3020 lif-Alol·
1967 2966 2012 3016 l0·

308 3058 483 3132 Epigramm.
503 3059 533 3115 in
551 3061 689 3116 Bruncltii
707 3064 794 3119 Anal.
813 3065 893 3118 Τ.11.
919 3079 950 3134 p.
961 3059 1022 3119 l2l.
1041 3071 1102 3120 188.
1121 3069 1184 3120 521.
1212 3062 1244 3116 in
1267 3061 1381 3117 Jacobs.
1405 3062 1529 3117 Anthol.
1550 3061 1632 3114 T.ll.
1651 3058 1828 3128 p.1to.li2.
1849 3053 1885 3104 Τ.
1895 3051 1917 3102 1·
1928 3055 2014 3120 p·81·

307 3148 452 3203 Plutarch.
470 3147 506 3203 de
520 3149 597 3204 Eril.
606 3167 632 3204 c.
643 3157 686 3208 13.
696 3167 723 3223 p.
735 3149 796 3209 bol.
807 3166 832 3206 e.
857 3153 983 3204 Marmor
1000 3151 1056 3204 Ox.
1070 3151 1122 3221 Ep.
1131 3148 1176 3213 49.
1187 3151 1232 3206 60.
1257 3151 1335 3219 Quae
1354 3149 1432 3221 apud
1450 3148 1569 3202 suidam
1586 3164 1616 3203 r.
1626 3142 1757 3209 Αἰσχύλος
1774 3143 1910 3208 leguntur
1928 3133 2015 3188 edhi-

308 3231 378 3288 bitis
396 3235 487 3302 Petiti,
510 3238 639 3306 Steuleii,
659 3238 876 3314 Hermaunique
894 3236 1145 3294 emendationibus
1161 3237 1202 3291 ita
1216 3236 1382 3310 corrigenda
1396 3236 1547 3293 ridentur:
1571 3229 1701 3299 Aiozifss
1718 3225 1871 3294 Ἀθηναῖος
1888 3220 2015 3295 sperneris

309 3316 366 3375 urbs
382 3323 433 3390 μὲν
448 3319 633 3396 sipontum,
659 3323 774 3399 ddeipds
799 3324 829 3381 δὲ
855 3323 996 3398 Ἀμεινίου
1017 3333 1062 3380 ecl
1085 3329 1281 3396 Κυναιγείρου,
1300 3325 1356 3381 scir
1379 3325 1409 3380 ir
1427 3321 1588 3396 Μαραθῶνι
1606 3307 1825 3386 demenciam
1847 3306 1904 3382 ipa
1927 3306 2015 3378 uiaqi·

310 3407 370 3474 ἴσχε
388 3406 417 3463 di
435 3419 479 3466 eat
498 3409 570 3468 cieris
594 3416 742 3486 rguysscu's
760 3409 810 3468 driu
827 3411 988 3485 Ericopr'mss
1006 3422 1051 3468 ecl
1067 3417 1171 3469 Βίωνα.
1195 3411 1337 3485 ἡγωνιζετο
1361 3411 1391 3468 di
1409 3411 1490 3469 ciads
1508 3411 1539 3467 iv
1556 3409 1593 3484 τῇ
1611 3403 1626 3462 o'
1645 3399 1811 3476 Ὀλυμπιάδι
1829 3399 1900 3454 ἕτῶν
1918 3395 1957 3452 ὃν
1974 3401 2015 3450 Ιὲ·

311 3494 390 3550 idem
403 3515 434 3553 r.
443 3496 596 3572 deopr'mr,
606 3513 634 3557 et
645 3520 673 3558 v.
683 3499 815 3571 Φιλοκλῆς
823 3501 887 3571 <ubi
896 3502 1073 3571 Πολωτείθης
1082 3503 1220 3572 Aeschyli
1229 3501 1334 3558 sororis
1346 3501 1465 3556 maritus
1474 3493 1661 3569 appellatur.)
1681 3489 1783 3547 Confer
1792 3487 1876 3541 etism
1885 3485 2017 3558 Scripto-

311 3602 373 3640 rem
387 3587 471 3644 Vitae
481 3589 631 3660 Aeschyli,
649 3589 733 3645 cuius
746 3589 836 3646 verba
852 3586 1022 3662 cwezpdme
1039 3588 1069 3645 ds*
1087 3589 1217 3662 Πινδάρῳ
1237 3587 1355 3662 yryovois
1371 3587 1440 3643 uerri
1458 3585 1511 3653 τήν
1528 3576 1743 3650 τεσσαρακοστήν
1762 3571 1931 3645 'Oleprruide
1949 3589 2016 3628 cnm

312 3682 442 3744 apertum
465 3676 573 3732 vitium
591 3677 763 3746 exhibeant,
787 3678 866 3735 viros
890 3678 990 3736 doctos
1013 3677 1100 3735 valde
1118 3688 1318 3734 exercuerunt.
1354 3675 1451 3732 Facile
1468 3683 1565 3728 tamen
1582 3677 1763 3724 malvarum
1781 3661 1923 3718 invenire.
1961 3664 2015 3716 l’ru

313 3763 532 3842 reccepcrourq'v
556 3768 643 3820 altera
666 3766 807 3839 scriptura
830 3776 873 3822 est
899 3763 1051 3836 liquentie.
1087 3767 1197 3821 Auctor
1224 3767 1297 3822 infra
1320 3763 1360 3820 rie
1385 3761 1470 3826 irtio,
1496 3758 1600 3834 inquit,
1626 3759 1708 3810 clere
1725 3750 1795 3824 πρός
1813 3755 1869 3806 τοῖς
1886 3745 2018 3819 ‘'itlwm

311 3847 441 3906 infrita
456 3850 627 3924 (Aieyilas).
647 3855 692 3908 01.
702 3863 767 3921 sl,t
790 3855 964 3926 Aeschylum
974 3865 1119 3909 mortuum
1134 3871 1195 3910 esse
1206 3865 1324 3912 constat.
1344 3857 1432 3908 Fuere
1445 3850 1496 3926 qui
1510 3850 1554 3903 01.
1564 3843 1608 3912 dl,
1619 3848 1637 3901 l
1650 3839 1826 3910 Aeschylum
1842 3846 1941 3891 uatum
1956 3855 2017 3894 esse

314 3935 520 3995 arbitrarentur
536 3941 588 4012 (cf.
602 3941 761 3998 Hermsnui
777 3943 883 4013 Opusc.
900 3945 935 3996 ll.
951 3961 980 4014 p.
993 3939 1053 4000 rtl.
1065 3945 1140 4012 161).
1175 3947 1254 3999 Patet
1270 3961 1337 4016 ergo
1356 3938 1504 3995 ambarum
1522 3935 1680 3991 lectionum
1698 3925 1900 3982 coniunctione
1918 3927 2016 3978 locum

315 4025 355 4080 ita
373 4037 448 4082 recte
467 4030 616 4084 emendari
641 4051 667 4084 ι.
690 4052 715 4084 r.
734 4027 870 4102 sardoma
886 4039 932 4084 sut
950 4031 1093 4098 ἑξηκοστὴν
1111 4029 1169 4086 'OL
1189 4059 1225 4073 -
1242 4033 1285 4085 lle
1302 4029 1340 4084 ob
1357 4044 1422 4084 eam
1441 4026 1597 4089 radonem,
1623 4034 1681 4094 qus
1699 4025 1727 4070 ⁸¹
1746 4014 1794 4068 11ῑῦ
1812 4023 1841 4066 ⁸¹
1859 4009 1923 4065 'llil
1941 4010 2016 4066 ¹⁰⁰l⁸

314 4113 348 4169 in
365 4113 544 4186 testimoniis,
564 4136 638 4193 quae
656 4117 773 4191 praebet
790 4135 889 4196 graeca
905 4119 1044 4189 Aeschyli
1056 4119 1122 4175 Vita
1143 4119 1263 4194 eiusque
1281 4117 1358 4191 apud
1367 4115 1564 4174 Robortellum
1574 4111 1825 4182 Supplementcm,
1843 4098 2017 4157 adhibendis

315 4219 386 4259 usus
409 4221 483 4272 sum,
513 4204 545 4260 in
567 4207 739 4282 cuiusquam
762 4206 1004 4278 vituperationem
1026 4208 1138 4275 cadam,
1165 4207 1287 4274 iudicio,
1312 4207 1390 4282 qpod
1409 4208 1590 4260 Burmannus
1600 4199 1638 4252 V.
1660 4197 1720 4254 Cel.
1739 4209 1806 4247 curu
1825 4191 1861 4246 de
1879 4187 2016 4247 omnihus

315 4301 466 4364 pccnrum
485 4293 561 4350 Vitis
580 4304 641 4349 tum
660 4295 697 4349 de
715 4294 874 4364 Aeschylea
896 4296 972 4362 tulit,
999 4299 1086 4368 plane
1105 4315 1150 4352 me
1168 4295 1299 4352 assentiri
1318 4293 1460 4368 profiteor.
1480 4287 1563 4347 cont.
1582 4287 1687 4357 opusc.
1697 4284 1733 4336 11.
1744 4299 1773 4354 p.
1786 4275 1847 4339 lll-
1883 4277 2017 4333 Amiulu

317 4395 389 4434 num
406 4391 483 4436 recte
500 4383 641 4452 Aeschyli
659 4384 744 4438 frater
762 4382 908 4450 habeetm,
929 4382 1041 4438 dubitat
1060 4383 1137 4438 idem
1156 4387 1340 4440 Hermannus
1359 4385 1464 4456 Opusc.
1475 4382 1511 4434 ll.
1522 4397 1551 4450 p.
1562 4375 1624 4433 166.
1643 4371 1719 4428 Vide
1738 4377 1835 4424 notam
1848 4375 1874 4427 8.

264 4463 297 4536 2)
314 4467 421 4523 Herod.
434 4471 468 4526 Il.
481 4471 542 4528 156.
563 4474 690 4528 causan.
700 4473 867 4537 v111.st,s.
906 4473 965 4527 Cic.
985 4476 1070 4528 Tusc.
1090 4473 1172 4545 Disp.
1184 4475 1217 4528 ll.
1230 4481 1272 4539 1ο,
1284 4479 1328 4529 2³.
1347 4469 1499 4526 Eleusiniis
1509 4459 1660 4535 'mysteriis
1678 4459 1854 4528 Aeschylum
1874 4453 2018 4509 initiatum

316 4555 404 4610 rnen
423 4575 460 4612 ..ι
478 4558 708 4622 annianum
727 4557 838 4632 corrugat
856 4559 1027 4618 tracturus
1044 4561 1233 4618 sesenna.
1244 4581 1273 4634 p.
1286 4561 1422 4634 rorum,
1447 4554 1535 4612 umas
1552 4549 1737 4615 conruens,
1759 4557 1793 4598 n
1809 4543 1882 4598 mihi
1901 4539 2023 4618 auide*

316 4642 440 4702 ritem.
478 4645 534 4700 Sed
560 4663 627 4701 cum
651 4657 760 4701 constet
786 4647 988 4716 mysteriorum
1009 4649 1226 4721 profanatorum
1244 4667 1327 4705 reum
1344 4649 1432 4704 fuisse
1450 4643 1644 4711 Aeschylum,
1672 4637 1791 4708 eiusque
1810 4629 1940 4684 criminis
1958 4647 2019 4684 ⁰0¹¹

316 4731 450 4790 videatur
475 4734 628 4808 quisquam
651 4735 779 4790 accumri
804 4737 943 4807 potuisse,
971 4736 1028 4794 nisi
1051 4739 1117 4812 quis
1141 4737 1271 4794 initiatus
1298 4747 1384 4806 esset,
1412 4733 1591 4803 Aeschylum
1617 4723 1823 4798 mysteriorum
1850 4715 2019 4790 participem

315 4819 406 4878 fuisse
423 4837 483 4878 neu
500 4821 675 4900 negaverim.
714 4824 883 4896 Videmu-
1674 4843 1678 4851 ’
