4476 5604
1163 319 1192 407 8

286 499 345 572 Ol.
361 505 415 588 78,
431 511 462 589 2,
486 527 548 597 quo
571 527 655 572 anno
678 496 780 572 Hiero
802 529 859 572 rex
881 505 1024 590 ohiit¹'),
1062 505 1206 575 Athenas
1229 533 1383 597 reversus,
1407 510 1466 581 Ol.
1480 517 1567 597 80,l
1593 514 1715 585 ridetur
1736 516 1956 610 Αἰγυπτίους,
1978 523 2064 596 Ἰκέ-

284 624 401 700 τιδας,
433 623 611 697 Amardus·
639 617 795 687 docuisse.
842 616 896 688 Ne
925 619 1016 689 huius
1047 621 1174 714 quidem
1197 622 1344 717 trilogiaie
1368 627 1538 720 satyricum
1561 629 1675 698 mame
1696 632 1730 700 in
1753 635 1897 703 notitiam
1920 656 2065 708 nostram

286 735 436 814 ronit¹⁸).
481 733 545 806 Sed
579 759 650 802 cum
685 734 798 802 eodem
829 757 913 802 anno
943 731 1112 828 Ephialtes
1142 737 1194 810 u'r
1224 738 1388 834 popularis
1424 744 1592 837 potestatis
1635 746 1872 816 amantissimus
1906 751 2064 846 Ariopagi

288 877 499 890 m·-

355 1001 500 1058 Welcher.
519 1001 627 1058 Aesch.
646 999 835 1075 Tril.p.11t.
873 1001 928 1059 Sed
947 1005 1120 1063 ll'elclrerus
1144 1003 1180 1062 de
1205 1027 1239 1063 ea
1262 1025 1294 1064 re
1312 1009 1525 1067 accuratissime
1544 1011 1674 1068 omnium
1693 1014 1827 1074 disseruit
1842 1020 1864 1072 l.
1876 1033 1902 1072 c.
1916 1035 1945 1092 p.
1958 1025 2063 1094 Seeqq.

355 1091 503 1160 supplere.
519 1109 547 1164 p.
560 1099 604 1148 30.
620 1108 681 1166 seq.
719 1093 807 1149 Cuius
825 1093 983 1148 sententiae
1001 1095 1136 1151 acerrime
1153 1108 1295 1172 repugnat
1313 1101 1494 1155 Hermannus
1514 1099 1546 1154 ira
1555 1101 1660 1158 Dieriis
1679 1102 1733 1158 litt.
1745 1105 1823 1175 Lips.
1836 1112 1916 1164 tols.
1929 1124 1959 1161 n.
1974 1117 1988 1164 t
2001 1123 2064 1180 seq.

356 1178 463 1248 opusc.
474 1182 524 1233 tv.
536 1199 565 1252 p.
579 1187 630 1238 253
641 1197 723 1255 seqq.
742 1209 777 1224 -
796 1182 879 1251 Quod
898 1182 933 1235 ad
954 1181 1061 1254 primae
1079 1185 1201 1240 actionis
1219 1197 1333 1258 tempus
1351 1188 1460 1259 attinet,
1479 1188 1592 1263 aliquid
1609 1193 1750 1247 momenti
1769 1191 1855 1248 habet
1872 1195 1951 1270 quod
1969 1197 2066 1252 Aetne

354 1279 439 1320 mous
463 1269 636 1338 Thucydide
660 1279 730 1324 teste
748 1272 794 1324 01.
809 1271 882 1336 mu
906 1275 948 1339 (r.
965 1273 1014 1326 lll.
1027 1270 1075 1326 lin.
1094 1271 1131 1328 ci.
1144 1272 1229 1328 Diod.
1248 1273 1304 1329 Sic.
1317 1277 1383 1330 Xll.
1394 1280 1470 1344 ih),
1504 1276 1663 1334 secuudum
1689 1283 1816 1336 Marmor
1834 1282 1930 1337 Oxou.
1950 1285 2002 1355 lip.
2017 1290 2064 1350 53,

355 1354 438 1409 cuius
462 1358 637 1428 computatio
656 1358 815 1413 accuratior
832 1358 947 1414 videtur
966 1377 1041 1428 esse,
1068 1362 1113 1416 Ol.
1129 1367 1201 1430 75‚2
1220 1363 1298 1418 arsit.
1333 1367 1400 1419 Post
1425 1364 1501 1419 hauc
1523 1366 1635 1421 Aetnae
1661 1369 1840 1440 emptionem
1863 1371 2064 1427 Prometheum

356 1441 486 1497 rinctum
511 1463 572 1500 esse
596 1456 688 1502 actam
712 1466 750 1502 ex
777 1445 885 1500 Oceani
910 1447 1048 1502 vaticinio
1063 1467 1093 1503 v.
1105 1455 1156 1510 ³71
1168 1468 1228 1524 seq.
1248 1462 1335 1523 patet.
1377 1451 1571 1508 Schneiderus
1601 1453 1633 1507 in
1655 1454 1745 1508 Prael'.
1775 1455 1810 1508 ad
1835 1457 1961 1512 indicem
1987 1461 2064 1513 Lect.

287 1558 293 1574 ·
356 1531 526 1590 hiem-182³
546 1532 694 1608 aliquanto
712 1543 777 1605 post
795 1545 888 1588 actam
906 1553 967 1589 esse
986 1535 1111 1590 sahulem
1131 1548 1237 1609 censet,
1256 1539 1334 1614 quod
1352 1557 1418 1595 cum
1438 1539 1538 1596 tertius
1556 1550 1635 1595 actor
1653 1537 1691 1595 ah
1702 1542 1846 1614 Sophocle
1863 1545 1900 1600 sit
1917 1546 2063 1612 inuentus,

356 1617 408 1692 qui
428 1621 553 1694 primum
572 1621 701 1678 docuerit
712 1621 836 1676 sahulem
850 1623 971 1688 Olim
989 1623 1271 1694 (mutuemini),
1290 1643 1351 1682 uon
1371 1627 1498 1700 potuerit
1516 1637 1583 1682 aute
1600 1643 1667 1682 eum
1686 1643 1795 1682 annum
1813 1627 1914 1684 lebula
1931 1631 2062 1703 produci,

356 1723 432 1780 quae
450 1718 505 1764 tres
523 1709 611 1764 simul
628 1710 658 1764 in
678 1728 792 1766 scenam
810 1719 918 1764 actores
937 1708 1056 1764 afferret.
1075 1712 1165 1785 Atqui
1179 1712 1209 1765 in
1221 1714 1389 1768 Prometheo
1399 1714 1514 1787 prodire
1534 1715 1628 1770 statim
1648 1715 1679 1770 in
1697 1715 1841 1789 principio
1852 1720 2063 1782 Prometheum,

356 1797 521 1854 Vulcanum
547 1809 575 1854 et
601 1797 706 1852 ltohur.
742 1801 814 1852 llam
842 1795 930 1850 etiam
954 1798 1154 1852 Prometheum
1180 1801 1313 1873 quamuis
1339 1811 1481 1856 tacentem
1506 1819 1539 1856 ea
1565 1802 1596 1856 iu
1623 1819 1710 1858 scena
1730 1814 1825 1859 tamen
1843 1822 1935 1879 agere.
1973 1807 2063 1864 Cuius

356 1887 594 1958 argumentationi
625 1886 777 1951 assentior,
807 1901 877 1938 cnm
901 1884 940 1951 ii,
969 1885 1021 1958 qui
1050 1885 1229 1956 Aeschylum
1256 1888 1332 1942 tertii
1358 1889 1464 1946 actoris
1492 1891 1675 1947 inventorem
1702 1891 1856 1962 perhibent
1882 1894 2063 1960 (Aristoteles

357 1973 435 2046 apud
464 1975 655 2030 Themistium
683 1975 759 2028 Orat.
778 1974 845 2027 XV.
873 1989 903 2044 p.
922 1979 976 2029 385
995 1973 1041 2027 ed.
1059 1977 1155 2028 Peter.
1174 1974 1262 2030 Paris.
1283 1979 1352 2036 1618
1383 1977 1461 2034 etis
1488 1979 1540 2052 qni
1569 1978 1740 2034 Auctarium
1769 1979 1845 2034 ritae
1875 1995 1922 2054 ap.
1947 1979 2063 2036 Robort.

356 2059 510 2134 scripsit.),
542 2079 634 2117 errare
656 2061 817 2117 rideantur.
853 2062 918 2114 lion
941 2061 1093 2116 assentitur
1113 2064 1269 2118 Hermann.
1288 2063 1321 2119 in
1345 2063 1660 2138 Opuso.ll.p.1l6.n.
1697 2069 1847 2132 „Rectene
1871 2083 1909 2122 eu
1932 2085 2013 2123 secus
2032 2067 2064 2122 id

356 2149 465 2206 dixerit
482 2152 529 2205 vir
547 2149 729 2206 doctissimus
746 2159 808 2204 turn
826 2149 932 2222 poterit
948 2149 1084 2218 iudicari,
1109 2167 1176 2204 cum
1194 2149 1350 2219 constabit,
1379 2163 1476 2208 utrum
1495 2154 1596 2210 histrio
1615 2154 1766 2207 immotam
1786 2154 1866 2210 illam
1885 2173 1936 2226 per
1951 2145 2064 2231 aliqu'ot

357 2237 442 2295 boras
460 2238 611 2296 stationem
629 2238 770 2296 sustinere
787 2239 920 2311 potuerit.
937 2255 975 2294 an
995 2239 1183 2320 simulacrum
1202 2239 1296 2308 luerit,
1314 2241 1394 2314 quod
1412 2241 1546 2298 manibus
1564 2241 1748 2321 pedibusque
1761 2242 1911 2314 religatum
1925 2252 1954 2298 et
1968 2258 2063 2298 coneo

357 2345 411 2400 per
433 2327 561 2382 medium
585 2337 684 2398 pectus
707 2327 808 2384 adecto
830 2327 898 2400 rupi
921 2325 1095 2403 affigebatur.
1131 2329 1209 2383 llaec
1234 2329 1414 2398 coniectura,
1440 2347 1514 2405 quae
1538 2330 1626 2385 etiarn
1656 2329 1847 2384 eWelchero
1875 2331 1909 2386 in
1933 2329 2009 2386 libro
2027 2331 2064 2386 de

356 2416 471 2488 tritogia
488 2415 629 2485 Aeschyli
647 2425 727 2488 plo.
747 2418 858 2488 prolata
875 2426 928 2482 est,
945 2413 1034 2470 hebet
1051 2415 1178 2489 quidem,
1198 2433 1286 2490 quere
1304 2417 1337 2472 in
1353 2417 1567 2474 dubitationem
1588 2427 1723 2483 vocetur,
1742 2427 1774 2471 ut
1794 2417 1826 2472 in
1843 2433 1963 2473 cerasum
1981 2418 2064 2474 illius

356 2503 426 2558 libri
445 2505 475 2558 iu
493 2502 597 2560 llieriie
614 2504 991 2577 tiu.1.tps.a.182⁵.1p.t
1010 2501 1152 2568 iudicavi,
1177 2504 1227 2559 sed
1246 2504 1334 2561 habet
1351 2505 1437 2560 etiam
1456 2523 1515 2581 que
1533 2507 1620 2562 valde
1642 2503 1801 2579 probabilis
1819 2523 1881 2562 esse
1898 2504 2065 2561 videatur.“

355 2591 585 2648 Probabilitatem
605 2591 749 2667 mandam
768 2593 837 2648 inde
855 2591 924 2648 oriri
942 2589 1108 2647 existiment
1125 2594 1307 2650 Hermannus
1324 2593 1567 2666 wuckemsque,
1591 2594 1671 2668 quod
1686 2610 1738 2664 per
1754 2592 1827 2648 duas
1845 2609 1935 2665 prope
1952 2591 2064 2650 iehules

356 2681 423 2754 rupi
448 2679 567 2736 affixum
592 2697 653 2736 esse
671 2679 789 2735 difficile
806 2679 939 2736 rideatur
961 2691 989 2735 et
1001 2683 1158 2736 molestum
1177 2679 1265 2736 luisse
1283 2682 1426 2738 histrioni.
1467 2683 1546 2753 Quae
1564 2691 1661 2736 tamen
1679 2679 1811 2736 molestia
1829 2679 1855 2736 ei
1872 2697 1931 2735 nou
1950 2679 2065 2736 sublate

356 2783 386 2826 at
402 2771 489 2826 valde
506 2769 655 2824 deminuta
672 2778 716 2824 eat
734 2767 870 2840 temporis
888 2769 1040 2826 intervallo
1058 2769 1137 2842 quod
1156 2769 1232 2824 inter
1249 2773 1433 2826 Prometheos
1450 2773 1571 2825 alterum
1582 2770 1758 2844 tertiumque
1769 2768 1912 2824 intererat.
1941 2769 2064 2825 Accedit

358 2859 435 2934 quod
454 2855 542 2912 etiam
561 2855 631 2911 dum
648 2855 752 2912 affixus
771 2867 843 2912 esset
861 2858 973 2926 histrio,
993 2857 1049 2910 hec
1065 2873 1097 2910 re
1113 2855 1348 2915 sublevationem
1366 2858 1512 2935 quendam
1531 2875 1598 2914 euna
1614 2875 1677 2914 esse
1695 2867 1810 2912 uectum
1830 2856 1989 2912 verisimile
2007 2867 2061 2926 eet,

357 2949 435 3022 quod
456 2963 514 2998 nou
533 2955 591 2998 tam
610 2955 708 3015 staret,
730 2963 816 3020 quam
835 2946 871 2999 ad
889 2964 990 3019 rupem
1008 2966 1040 3004 se
1056 2948 1211 3003 aeclinaret
1228 2958 1257 3002 et
1274 2947 1402 3021 quodam
1421 2946 1509 3002 modo
1527 2945 1645 3002 sederet.
1683 2945 1792 3015 Quodsi
1813 2945 1889 2998 nihil
1907 2942 1994 3000 habet
2012 2946 2065 3000 illa

357 3034 529 3099 coniectura,
549 3049 607 3106 quo
627 3031 784 3106 probabilis
802 3051 864 3090 esse
881 3034 1023 3104 rideatur,
1043 3037 1114 3111 quid
1132 3035 1270 3090 iaciamus
1288 3035 1327 3101 ei,
1346 3035 1371 3089 ei
1390 3035 1532 3107 quaedam
1550 3043 1631 3100 sunt,
1651 3051 1725 3107 quae
1740 3033 1864 3106 graviter
1882 3034 2065 3108 repugnant?

357 3126 422 3194 lpse
440 3125 622 3176 Hermenuus
645 3139 819 3198 magnopere
835 3140 899 3178 eam
916 3124 1066 3180 labefactat
1084 3140 1150 3179 cum
1170 3123 1292 3197 quaerit,
1310 3139 1370 3196 quo
1385 3121 1473 3176 modo
1488 3121 1562 3175 illud
1579 3122 1775 3189 simulacrum,
1793 3135 1860 3175 cum
1875 3122 2064 3176 Prometheus

357 3213 485 3266 vinculis
509 3212 659 3265 exsolutus
684 3211 721 3266 de
746 3228 819 3283 rupe
836 3211 1022 3268 descensurus
1049 3222 1136 3279 esset,
1166 3227 1233 3266 cum
1261 3211 1401 3266 histrione
1428 3210 1553 3281 potuerit
1570 3208 1760 3268 commutarit
1796 3207 1880 3278 Quod
1900 3207 1938 3260 de
1958 3207 2012 3262 hac
2031 3225 2062 3262 re

356 3302 503 3356 Welcher.
520 3299 551 3354 in
570 3299 718 3371 Supplem.
738 3317 766 3370 p.
777 3301 880 3376 seseq.
906 3300 1033 3368 disserit,
1060 3301 1214 3355 difficultas
1238 3316 1273 3354 eo
1298 3315 1357 3352 uon
1384 3299 1505 3354 tollitur.
1542 3298 1643 3353 Altera
1673 3295 1828 3351 difficultas
1856 3313 1946 3370 eaque
1969 3295 2064 3350 meior

357 3390 488 3446 exoritur
506 3387 531 3444 si
552 3388 681 3462 quaeris,
709 3388 857 3462 quomodo
878 3389 1034 3444 simulacro
1058 3387 1213 3444 substituto
1237 3387 1413 3441 cachinnum
1430 3395 1626 3456 spectatorum
1643 3383 1776 3455 ottogeru
1795 3383 1982 3453 Aeschylus?
2014 3389 2063 3438 An

359 3491 442 3552 putas
462 3495 513 3550 pro
532 3476 652 3530 homine
668 3477 853 3532 simulacrum
872 3495 923 3550 per
941 3477 1074 3532 dromum
1093 3475 1294 3550 transportari,
1313 3474 1378 3545 rupi
1398 3472 1491 3545 effigi,
1511 3472 1621 3527 acerbis
1639 3469 1737 3526 verbis
1756 3489 1773 3524 a
1791 3471 1903 3528 llobone
1920 3471 2062 3544 saetigeri,

358 3585 426 3624 cum
445 3565 530 3622 multi
550 3582 640 3638 prope
657 3565 790 3620 dromnm
809 3565 953 3632 sederent,
972 3566 1080 3640 exigua
1097 3575 1169 3620 esset
1190 3581 1291 3619 scenae
1309 3562 1440 3626 latitudo,
1458 3570 1489 3614 et
1507 3559 1554 3614 die
1572 3557 1688 3614 iehulae
1707 3570 1868 3632 agerentur,
1889 3569 1983 3613 tamen
2001 3575 2064 3613 non

358 3657 480 3714 seneisse
498 3655 688 3726 spectatores?
724 3657 804 3726 Quae
827 3671 895 3709 cum
919 3655 958 3708 ita
983 3654 1054 3721 sint,
1079 3653 1281 3708 Prometheum
1306 3659 1369 3722 poet
1387 3645 1518 3714 Olim
1535 3658 1628 3702 aotam
1645 3663 1709 3703 esse
1727 3648 1790 3702 reri
1808 3647 2002 3704 simillimum·
2009 3655 2063 3702 est.

359 3749 458 3820 Reque
482 3753 576 3798 tamn
600 3745 693 3796 multo
717 3753 782 3814 post
799 3743 825 3799 si
843 3753 920 3799 recte
936 3742 1078 3816 lleisigins
1096 3741 1128 3794 iu
1149 3743 1247 3795 linare.
1266 3738 1301 3792 ed
1321 3739 1355 3795 0.
1372 3737 1403 3793 G.
1419 3754 1447 3807 p.
1464 3745 1514 3794 ¹03
1533 3753 1632 3792 versare
1652 3737 1722 3794 1056
1732 3753 1813 3810 seqq.
1839 3735 1875 3788 ad
1894 3733 2063 3814 Pepsaniem

359 3844 485 3908 spectare
509 3830 662 3892 existimat,
699 3830 851 3886 Pausanias
875 3841 971 3885 autem
990 3833 1035 3885 01.
1052 3825 1123 3895 tul
1147 3825 1320 3899 proditionis
1343 3825 1494 3880 convictus
1511 3825 1629 3895 Spartae
1655 3824 1768 3880 occisus
1786 3832 1837 3877 eet.
1857 3813 2062 3876 -Vide-lrhuc.

359 3921 450 3980 beet.
460 3919 607 3978 oiodstc.
613 3921 665 3974 Xl.
673 3917 717 3976 hs.
733 3922 860 3992 Poppon.
869 3920 904 3972 ad
914 3921 1008 3974 Thuc.
1018 3921 1052 3974 T.
1060 3919 1095 3976 ll.
1104 3921 1202 3989 poce.
1213 3913 1331 3968 Accedit
1344 3913 1421 3988 quod
1428 3915 1537 3968 Aetnae
1544 3913 1725 3984 erumpentis
1736 3909 2063 3982 descriptiosiculorum

359 4009 540 4084 potissimum
558 4008 589 4061 in
607 4009 723 4081 gratiam
742 4007 873 4062 exhibita
891 4007 1022 4075 videtur,
1049 4006 1191 4060 amodum
1213 4003 1328 4058 Siculae
1351 4003 1414 4056 sire
1432 4001 1552 4056 lloricae
1570 4019 1656 4056 voces
1674 4001 1841 4073 formaeque
1857 4001 2061 4064 (rutil-loo.

334 4131 338 4140 ·
357 4101 413 4166 906
431 4094 585 4164 ueddpceos.
593 4101 646 4156 568
664 4094 731 4151 dieo
749 4090 768 4150 ἆ
787 4093 832 4153 δᾶ.
843 4099 896 4158 6οῐ
916 4093 1009 4168 ἁρμοῖ.
1016 4097 1068 4154 621
1080 4093 1210 4164 pedesne).
1229 4091 1406 4148 confictum
1417 4091 1523 4144 Athen.
1532 4093 1583 4144 lx.
1597 4088 1694 4161 plot.
1714 4091 1895 4157 Quapropter
1911 4085 1936 4138 ei
1955 4085 2062 4150 omnia,

359 4204 436 4261 quae
461 4183 545 4240 nohis
573 4187 682 4256 prolata
708 4195 793 4252 sunt,
831 4185 863 4239 in
888 4201 981 4238 unum
1006 4183 1157 4257 collegeris
1184 4189 1213 4236 et
1235 4189 1365 4236 accurate
1389 4177 1592 4252 perpenderis,
1626 4175 1811 4230 Prometheos
1829 4173 1927 4239 ohta,
1946 4181 2061 4231 teutl.
2136 4245 2141 4252 Ι

361 4272 509 4346 Syracusis
527 4271 616 4328 editas
633 4291 695 4329 esse
711 4273 765 4329 rix
782 4271 909 4347 negabis.

291 4367 340 4435 Π)
358 4363 446 4420 Diod.
456 4360 515 4415 Sic.
524 4363 628 4420 xlae.
639 4363 723 4419 etffi
741 4362 840 4416 Minus
857 4371 988 4416 accurate
1005 4359 1217 4416 Aristot.Polit.
1230 4359 1268 4414 V.
1280 4365 1357 4415 cll.
1376 4357 1525 4426 lliserepat
1543 4354 1639 4408 schol.
1658 4349 1741 4406 Pind.
1760 4351 1844 4422 Pyth.
1856 4353 1896 4406 nt
1913 4351 1954 4408 iu.
1975 4353 2063 4406 Plane

361 4453 445 4506 aliam
465 4461 627 4520 temporum
644 4451 822 4505 notationem
840 4449 959 4504 exhibet
976 4453 1101 4504 Marmor
1120 4451 1213 4502 Oxou.
1233 4448 1331 4520 opst
1342 4457 1370 4500 et
1382 4447 1427 4502 56.
1446 4443 1483 4496 cl'.
1497 4442 1583 4498 Diod.
1594 4441 1652 4496 ste.
1660 4443 1711 4496 xl.
1719 4451 1764 4500 53.

291 4543 341 4614 te)
359 4539 551 4596 Athenienses
570 4539 837 4606 abscedaemouiis,
855 4537 962 4612 quibus
981 4538 1012 4592 in
1032 4539 1143 4592 lthome
1162 4535 1353 4608 oppugnanda
1374 4529 1520 4602 occupatis
1538 4529 1650 4585 ansilio
1668 4539 1815 4594 reuerent,
1832 4528 1945 4583 remissi
1964 4527 2062 4594 0159,

362 4628 380 4686 l
399 4643 465 4681 cunr
482 4625 597 4696 Argiuis
614 4627 904 4682 Lacedaemoniorum
923 4625 1093 4682 adversariis
1111 4625 1212 4680 foedus
1231 4625 1367 4678 lecenmt.
1388 4619 1679 4676 Conl.'l'huc.l.102.
1698 4616 2062 4672 volvellum-lutino.

362 4735 393 4795 p.
402 4715 465 4774 636.
477 4715 512 4772 Τ.
526 4716 563 4771 ΙΙ.
573 4715 619 4775 ed.
629 4716 765 4788 Thucyd.
774 4718 861 4778 Beck.
886 4719 931 4772 Ex
948 4717 1065 4770 uetera
1080 4715 1255 4789 Argivorum
1275 4709 1392 4768 civitate
1410 4707 1538 4763 Boeclth.
1559 4707 1656 4765 Graue.
1675 4711 1760 4780 l'rag.
1778 4703 1872 4762 Peiuc.
1892 4699 1982 4776 psl,
2019 4705 2062 4758 lo.
